@article{Arnaud2018,
  author ={Arnaud, Celia H.},
  title = {To monitor the health of cities’ residents, look no further than their sewers},
  year = {2018},
  journal = {Chemical & Engineering News}
  volume = {96},
  issue = {18}
}

@article{AustralianReport,
  year = {2018},
  author = {Australian Criminal Intelligence Commission},
  title = {National Wastewater Drug Monitoring Program -- Report 5, August 2018},
  url = {https://www.acic.gov.au/publications/intelligence-products/national-wastewater-drug-monitoring-program-report},
  notes = {Accessed December 17 2018}
}

@article{Balikov1957,
  year = {1957},
  author = {Balikov, B.},
  title = {Urobilinogen Excretion in Normal Adults: Results of Assays with Notes on Methodology},
  journal = {Clinical chemistry},
  volume = {3},
  issue = {3},
  pages = {145--153}
}

@article{BazLomba2016,
  doi = {10.1186/s12889-016-3686-5},
  url = {https://doi.org/10.1186/s12889-016-3686-5},
  year  = {2016},
  month = {oct},
  publisher = {Springer Nature},
  volume = {16},
  number = {1},
  author = {Jose Antonio Baz-Lomba and Stefania Salvatore and Emma Gracia-Lor and Richard Bade and Sara Castiglioni and Erika Castrignan{\`{o}} and Ana Causanilles and Felix Hernandez and Barbara Kasprzyk-Hordern and Juliet Kinyua and Ann-Kathrin McCall and Alexander van Nuijs and Christoph Ort and Benedek G. Pl{\'{o}}sz and Pedram Ramin and Malcolm Reid and Nikolaos I. Rousis and Yeonsuk Ryu and Pim de Voogt and Jorgen Bramness and Kevin Thomas},
  title = {Comparison of pharmaceutical,  illicit drug,  alcohol,  nicotine and caffeine levels in wastewater with sale,  seizure and consumption data for 8 European cities},
  journal = {{BMC} Public Health}
}

@article{Berchenko2017,
  doi = {10.1126/scitranslmed.aaf6786},
  url = {https://doi.org/10.1126/scitranslmed.aaf6786},
  year  = {2017},
  month = {mar},
  publisher = {American Association for the Advancement of Science ({AAAS})},
  volume = {9},
  number = {383},
  pages = {eaaf6786},
  author = {Yakir Berchenko and Yossi Manor and Laurence S. Freedman and Ehud Kaliner and Itamar Grotto and Ella Mendelson and Amit Huppert},
  title = {Estimation of polio infection prevalence from environmental surveillance data},
  journal = {Science Translational Medicine}
}

@article{Castiglioni2006,
  doi = {10.1021/ac061095b},
  url = {https://doi.org/10.1021/ac061095b},
  year  = {2006},
  month = {dec},
  publisher = {American Chemical Society ({ACS})},
  volume = {78},
  number = {24},
  pages = {8421--8429},
  author = {Sara Castiglioni and Ettore Zuccato and Elisabetta Crisci and Chiara Chiabrando and Roberto Fanelli and Renzo Bagnati},
  title = {Identification and Measurement of Illicit Drugs and Their Metabolites in Urban Wastewater by Liquid Chromatography-Tandem Mass Spectrometry},
  journal = {Analytical Chemistry}
}

@article{Daughton2018,
  doi = {10.1016/j.scitotenv.2017.11.102},
  url = {https://doi.org/10.1016/j.scitotenv.2017.11.102},
  year  = {2018},
  month = {apr},
  publisher = {Elsevier {BV}},
  volume = {619-620},
  pages = {748--764},
  author = {Christian G. Daughton},
  title = {Monitoring wastewater for assessing community health: Sewage Chemical-Information Mining ({SCIM})},
  journal = {Science of The Total Environment}
}

@article{Franzosa2015,
  doi = {10.1073/pnas.1423854112},
  url = {https://doi.org/10.1073/pnas.1423854112},
  year  = {2015},
  month = {may},
  publisher = {Proceedings of the National Academy of Sciences},
  volume = {112},
  number = {22},
  pages = {E2930--E2938},
  author = {Eric A. Franzosa and Katherine Huang and James F. Meadow and Dirk Gevers and Katherine P. Lemon and Brendan J. M. Bohannan and Curtis Huttenhower},
  title = {Identifying personal microbiomes using metagenomic codes},
  journal = {Proceedings of the National Academy of Sciences}
}

@article{Hellmer2014,
  doi = {10.1128/aem.01981-14},
  url = {https://doi.org/10.1128/aem.01981-14},
  year  = {2014},
  month = {aug},
  publisher = {American Society for Microbiology},
  volume = {80},
  number = {21},
  pages = {6771--6781},
  author = {Maria Hellm{\'{e}}r and Nicklas Pax{\'{e}}us and Lars Magnius and Lucica Enache and Birgitta Arnholm and Annette Johansson and Tomas Bergstr\"{o}m and Hel{\'{e}}ne Norder},
  editor = {D. W. Schaffner},
  title = {Detection of Pathogenic Viruses in Sewage Provided Early Warnings of Hepatitis A Virus and Norovirus Outbreaks},
  journal = {Applied and Environmental Microbiology}
}

@article{Hofmann1989,
  doi = {10.1002/cphy.cp060329},
  url = {https://doi.org/10.1002/cphy.cp060329},
  year = {1989},
  title = {Enterohepatic Circulation of Bile Acids},
  author = {Alan F. Hofmann},
  booktitle = {Supplement 18: Handbook of Physiology, The Gastrointestinal System, Salivary, Gastric, Pancreatic, and Hepatobiliary Secretion},
  journal = {Handbook of Physiology. The Gastrointestinal System.},
  volume = {4},
  pages = {567--596}
}

@misc{Initiatives2018,
  title = {Initiatives for Addressing Antimicrobial Resistance in the Environment: Current Situation and Challenges},
  year = {2018},
  url = {https://wellcome.ac.uk/sites/default/files/ antimicrobial-resistance-environment -report.pdf}
}

@article{Jacox2017,
  doi = {10.1080/20961790.2016.1270812},
  url = {https://doi.org/10.1080/20961790.2016.1270812},
  year  = {2017},
  month = {jan},
  publisher = {Informa {UK} Limited},
  volume = {2},
  number = {1},
  pages = {18--25},
  author = {Alethea Jacox and Jillian Wetzel and Shu-Yuan Cheng and Marta Concheiro},
  title = {Quantitative analysis of opioids and cannabinoids in wastewater samples},
  journal = {Forensic Sciences Research}
}

@article{Kaliner2015,
  doi = {10.1016/s1473-3099(15)00064-x},
  url = {https://doi.org/10.1016/s1473-3099(15)00064-x},
  year  = {2015},
  month = {oct},
  publisher = {Elsevier {BV}},
  volume = {15},
  number = {10},
  pages = {1236--1242},
  author = {Ehud Kaliner and Eran Kopel and Emilia Anis and Ella Mendelson and Jacob Moran-Gilad and Lester M Shulman and Shepherd R Singer and Yossi Manor and Eli Somekh and Shmuel Rishpon and Alex Leventhal and Lisa Rubin and Diana Tasher and Mira Honovich and Larisa Moerman and Tamy Shohat and Ravit Bassal and Danit Sofer and Michael Gdalevich and Boaz Lev and Ronni Gamzu and Itamar Grotto},
  title = {The Israeli public health response to wild poliovirus importation},
  journal = {The Lancet Infectious Diseases}
}

@article{Keshaviah2016,
  author = {Keshaviah, A. and Gitlin, R. and Cattell, L. and Reeves, W. and de Vallance, J. and Thornton, C},
  year = {2016},
  journal = {Princeton, NJ: Mathematica Policy Research},
  url = {https://www.mathematica-mpr.com/our-publications-and-findings/publications/the-potential-of-wastewater-testing-for-rapid-assessment-of-opioid-abuse-research-brief},
  title = {The Potential of Wastewater Testing for Rapid Assessment of Opioid Abuse (Research Brief)}
}

@article{Keshaviah2017,
  author = {Keshaviah, A},
  year = {2017},
  journal = {Washington, DC: Mathematica Policy Research},
  url = {https://www.mathematica-mpr.com/our-publications-and-findings/publications/the-potential-of-wastewater-testing-for-public-health-and-safety-special-report},
  title = {The Potential of Wastewater Testing for Public Health and Safety}
}

@article{Manor2014,
  author = {Y Manor and L M Shulma and E Kaliner and M Hindiyeh and D Ram and D Sofer and J Moran-Gilad and B Lev and I Grotto and R Gamzu and E Mendelson},
  title = {Intensified environmental surveillance supporting the response to wild poliovirus type 1 silent circulation in Israel, 2013},
  journal = {Eurosurveillance},
  year = {2014},
  volume = {19},
  issue = {7}
}

@article{Newton2015,
  doi = {10.1128/mbio.02574-14},
  url = {https://doi.org/10.1128/mbio.02574-14},
  year  = {2015},
  month = {feb},
  publisher = {American Society for Microbiology},
  volume = {6},
  number = {2},
  author = {Ryan J. Newton and Sandra L. McLellan and Deborah K. Dila and Joseph H. Vineis and Hilary G. Morrison and A. Murat Eren and Mitchell L. Sogin},
  title = {Sewage Reflects the Microbiomes of Human Populations},
  journal = {{mBio}}
}

@article{OBrien2013,
  doi = {10.1021/es403251g},
  url = {https://doi.org/10.1021/es403251g},
  year  = {2013},
  month = {dec},
  publisher = {American Chemical Society ({ACS})},
  volume = {48},
  number = {1},
  pages = {517--525},
  author = {Jake W. O'Brien and Phong K. Thai and Geoff Eaglesham and Christoph Ort and Andreas Scheidegger and Steve Carter and Foon Yin Lai and Jochen F. Mueller},
  title = {A Model to Estimate the Population Contributing to the Wastewater Using Samples Collected on Census Day},
  journal = {Environmental Science {\&} Technology}
}

@article{Ort2010,
  doi = {10.1021/es100779n},
  url = {https://doi.org/10.1021/es100779n},
  year  = {2010},
  month = {aug},
  publisher = {American Chemical Society ({ACS})},
  volume = {44},
  number = {16},
  pages = {6024--6035},
  author = {Christoph Ort and Michael G. Lawrence and Jörg Rieckermann and Adriano Joss},
  title = {Sampling for Pharmaceuticals and Personal Care Products ({PPCPs}) and Illicit Drugs in Wastewater Systems: Are Your Conclusions Valid? A Critical Review},
  journal = {Environmental Science {\&} Technology}
}

@article{Pehrsson2016,
  doi = {10.1038/nature17672},
  url = {https://doi.org/10.1038/nature17672},
  year  = {2016},
  month = {may},
  publisher = {Springer Nature},
  volume = {533},
  number = {7602},
  pages = {212--216},
  author = {Erica C. Pehrsson and Pablo Tsukayama and Sanket Patel and Melissa Mej{\'{\i}}a-Bautista and Giordano Sosa-Soto and Karla M. Navarrete and Maritza Calderon and Lilia Cabrera and William Hoyos-Arango and M. Teresita Bertoli and Douglas E. Berg and Robert H. Gilman and Gautam Dantas},
  title = {Interconnected microbiomes and resistomes in low-income human habitats},
  journal = {Nature}
}

@article{Pollet2017,
  doi = {10.1016/j.str.2017.05.003},
  url = {https://doi.org/10.1016/j.str.2017.05.003},
  year  = {2017},
  month = {jul},
  publisher = {Elsevier {BV}},
  volume = {25},
  number = {7},
  pages = {967--977.e5},
  author = {Rebecca M. Pollet and Emma H. D{\textquotesingle}Agostino and William G. Walton and Yongmei Xu and Michael S. Little and Kristen A. Biernat and Samuel J. Pellock and Loraine M. Patterson and Benjamin C. Creekmore and Hanna N. Isenberg and Rohini R. Bahethi and Aadra P. Bhatt and Jian Liu and Raad Z. Gharaibeh and Matthew R. Redinbo},
  title = {An Atlas of $\upbeta$-Glucuronidases in the Human Intestinal Microbiome},
  journal = {Structure}
}

@article{Seakins1971,
  doi = {10.1016/0009-8981(71)90302-0},
  url = {https://doi.org/10.1016/0009-8981(71)90302-0},
  year  = {1971},
  month = {nov},
  publisher = {Elsevier {BV}},
  volume = {35},
  number = {1},
  pages = {121--131},
  author = {J.W.T. Seakins},
  title = {The determination of urinary phenylacetylglutamine as phenylacetic acid.},
  journal = {Clinica Chimica Acta}
}

@article{Smith2005,
  year = {2005},
  title = {{METLIN}: a metabolite mass spectral database},
  journal = {Therapeutic drug monitoring},
  volume = {27},
  issue = {6},
  pages = {747--51},
  authors = {Smith, CA and O'Maille, G and Want, EJ and Qin, C and Trauger, SA and Brandon, TR and Custodio, DE and Abagyan, R and Siuzdak, G}
}

@article{Stein1954,
  doi = {10.1021/ja01639a085},
  url = {https://doi.org/10.1021/ja01639a085},
  year  = {1954},
  month = {may},
  publisher = {American Chemical Society ({ACS})},
  volume = {76},
  number = {10},
  pages = {2848--2849},
  author = {William H. Stein and Alejandro C. Paladini and C. H. W. Hirs and Stanford Moore},
  title = {{PHENYLACETYLGLUTAMINE} {AS} A {CONSTITUENT} {OF} {NORMAL} {HUMAN} {URINE}},
  journal = {Journal of the American Chemical Society}
}

@article{Thai2014,
  doi = {10.1016/j.watres.2013.10.019},
  url = {https://doi.org/10.1016/j.watres.2013.10.019},
  year  = {2014},
  month = {jan},
  publisher = {Elsevier {BV}},
  volume = {48},
  pages = {538--547},
  author = {Phong K. Thai and Guangming Jiang and Wolfgang Gernjak and Zhiguo Yuan and Foon Yin Lai and Jochen F. Mueller},
  title = {Effects of sewer conditions on the degradation of selected illicit drug residues in wastewater},
  journal = {Water Research}
}

@article{Thomas2012,
  doi = {10.1016/j.scitotenv.2012.06.069},
  url = {https://doi.org/10.1016/j.scitotenv.2012.06.069},
  year  = {2012},
  month = {aug},
  publisher = {Elsevier {BV}},
  volume = {432},
  pages = {432--439},
  author = {Kevin V. Thomas and Lubertus Bijlsma and Sara Castiglioni and Adrian Covaci and Erik Emke and Roman Grabic and F{\'{e}}lix Hern{\'{a}}ndez and Sara Karolak and Barbara Kasprzyk-Hordern and Richard H. Lindberg and Miren Lopez de Alda and Axel Meierjohann and Christoph Ort and Yolanda Pico and Jos{\'{e}} B. Quintana and Malcolm Reid and J\"{o}rg Rieckermann and Senka Terzic and Alexander L.N. van Nuijs and Pim de Voogt},
  title = {Comparing illicit drug use in 19 European cities through sewage analysis},
  journal = {Science of The Total Environment}
}

@article{vanNuijs2018,
  doi = {10.1016/j.trac.2018.03.009},
  url = {https://doi.org/10.1016/j.trac.2018.03.009},
  year  = {2018},
  month = {jun},
  publisher = {Elsevier {BV}},
  volume = {103},
  pages = {34--43},
  author = {Alexander L.N. van Nuijs and Foon Yin Lai and Frederic Been and Maria Jesus Andres-Costa and Leon Barron and Jose Antonio Baz-Lomba and Jean-Daniel Berset and Lisa Benaglia and Lubertus Bijlsma and Dan Burgard and Sara Castiglioni and Christophoros Christophoridis and Adrian Covaci and Pim de Voogt and Erik Emke and Despo Fatta-Kassinos and Jerker Fick and Felix Hernandez and Cobus Gerber and Iria Gonz{\'{a}}lez-Mari{\~{n}}o and Roman Grabic and Teemu Gunnar and Kurunthachalam Kannan and Sara Karolak and Barbara Kasprzyk-Hordern and Zenon Kokot and Ivona Krizman-Matasic and Angela Li and Xiqing Li and Arnd{\'{\i}}s S.C. L\"{o}ve and Miren Lopez de Alda and Ann-Kathrin McCall and Markus R. Meyer and Herbert Oberacher and Jake O{\textquotesingle}Brien and Jose Benito Quintana and Malcolm Reid and Serge Schneider and Susana Sadler Simoes and Nikolaos S. Thomaidis and Kevin Thomas and Viviane Yargeau and Christoph Ort},
  title = {Multi-year inter-laboratory exercises for the analysis of illicit drugs and metabolites in wastewater: Development of a quality control system},
  journal = {{TrAC} Trends in Analytical Chemistry}
}

@article{Wishart2012,
  doi = {10.1093/nar/gks1065},
  url = {https://doi.org/10.1093/nar/gks1065},
  year  = {2012},
  month = {nov},
  publisher = {Oxford University Press ({OUP})},
  volume = {41},
  number = {D1},
  pages = {D801--D807},
  author = {David S. Wishart and Timothy Jewison and An Chi Guo and Michael Wilson and Craig Knox and Yifeng Liu and Yannick Djoumbou and Rupasri Mandal and Farid Aziat and Edison Dong and Souhaila Bouatra and Igor Sinelnikov and David Arndt and Jianguo Xia and Philip Liu and Faizath Yallou and Trent Bjorndahl and Rolando Perez-Pineiro and Roman Eisner and Felicity Allen and Vanessa Neveu and Russ Greiner and Augustin Scalbert},
  title = {{HMDB} 3.0{\textemdash}The Human Metabolome Database in 2013},
  journal = {Nucleic Acids Research}
}

@article{Zuccato2008,
  doi = {10.1289/ehp.11022},
  url = {https://doi.org/10.1289/ehp.11022},
  year  = {2008},
  month = {aug},
  publisher = {Environmental Health Perspectives},
  volume = {116},
  number = {8},
  pages = {1027--1032},
  author = {Ettore Zuccato and Chiara Chiabrando and Sara Castiglioni and Renzo Bagnati and Roberto Fanelli},
  title = {Estimating Community Drug Abuse by Wastewater Analysis},
  journal = {Environmental Health Perspectives}
}
