@article{sender-2016-bhratio,
  doi = {10.1016/j.cell.2016.01.013},
  url = {https://doi.org/10.1016/j.cell.2016.01.013},
  year  = {2016},
  volume = {164},
  number = {3},
  pages = {337--340},
  author = {Ron Sender and Shai Fuchs and Ron Milo},
  title = {Are We Really Vastly Outnumbered? Revisiting the Ratio of Bacterial to Host Cells in Humans},
  journal = {Cell}
}

@article{ibd-papa,
  doi = {10.1371/journal.pone.0039242},
  url = {https://doi.org/10.1371/journal.pone.0039242},
  year  = {2012},
  month = {jun},
  publisher = {Public Library of Science ({PLoS})},
  volume = {7},
  number = {6},
  pages = {e39242},
  author = {Eliseo Papa and Michael Docktor and Christopher Smillie and Sarah Weber and Sarah P. Preheim and Dirk Gevers and Georgia Giannoukos and Dawn Ciulla and Diana Tabbaa and Jay Ingram and David B. Schauer and Doyle V. Ward and Joshua R. Korzenik and Ramnik J. Xavier and Athos Bousvaros and Eric J. Alm},
  editor = {Jacques Ravel},
  title = {Non-Invasive Mapping of the Gastrointestinal Microbiota Identifies Children with Inflammatory Bowel Disease},
  journal = {{PLoS} {ONE}}
}

@article{beck-2012-lungmicrobiome,
  doi = {10.1016/j.trsl.2012.02.005},
  url = {https://doi.org/10.1016/j.trsl.2012.02.005},
  year  = {2012},
  month = {oct},
  publisher = {Elsevier {BV}},
  volume = {160},
  number = {4},
  pages = {258--266},
  author = {James M. Beck and Vincent B. Young and Gary B. Huffnagle},
  title = {The microbiome of the lung},
  journal = {Translational Research}
}

@article{cook-1999-dysphagia,
  doi = {10.1016/s0016-5085(99)70144-7},
  url = {https://doi.org/10.1016/s0016-5085(99)70144-7},
  year  = {1999},
  month = {feb},
  publisher = {Elsevier {BV}},
  volume = {116},
  number = {2},
  pages = {455--478},
  author = {Ian J. Cook and Peter J. Kahrilas},
  title = {{AGA} technical review on management of oropharyngeal dysphagia},
  journal = {Gastroenterology}
}

@article{thomson-2016-asppneumo,
  doi = {10.1542/peds.2015-1612},
  url = {https://doi.org/10.1542/peds.2015-1612},
  year  = {2016},
  month = {jan},
  publisher = {American Academy of Pediatrics ({AAP})},
  volume = {137},
  number = {2},
  pages = {e20151612--e20151612},
  author = {J. Thomson and M. Hall and L. Ambroggio and B. Stone and R. Srivastava and S. S. Shah and J. G. Berry},
  title = {Aspiration and Non-Aspiration Pneumonia in Hospitalized Children With Neurologic Impairment},
  journal = {Pediatrics}
}

@article{goldin-2006-fundo,
  doi = {10.1542/peds.2006-2212},
  url = {https://doi.org/10.1542/peds.2006-2212},
  year  = {2006},
  month = {dec},
  publisher = {American Academy of Pediatrics ({AAP})},
  volume = {118},
  number = {6},
  pages = {2326--2333},
  author = {A. B. Goldin and R. Sawin and K. D. Seidel and D. R. Flum},
  title = {Do Antireflux Operations Decrease the Rate of Reflux-Related Hospitalizations in Children?},
  journal = {Pediatrics}
}

@article{lee-2008-fundo,
  doi = {10.1016/j.jpedsurg.2007.09.020},
  url = {https://doi.org/10.1016/j.jpedsurg.2007.09.020},
  year  = {2008},
  month = {jan},
  publisher = {Elsevier {BV}},
  volume = {43},
  number = {1},
  pages = {59--65},
  author = {Steven L. Lee and Hooman Shabatian and Jin-Wen Hsu and Harry Applebaum and Philip I. Haigh},
  title = {Hospital admissions for respiratory symptoms and failure to thrive before and after Nissen fundoplication},
  journal = {Journal of Pediatric Surgery}
}

@article{glass-1976,
  doi = {10.3102/0013189x005010003},
  url = {https://doi.org/10.3102/0013189x005010003},
  year  = {1976},
  month = {nov},
  publisher = {American Educational Research Association ({AERA})},
  volume = {5},
  number = {10},
  pages = {3--8},
  author = {Gene V. Glass},
  title = {Primary,  Secondary,  and Meta-Analysis of Research},
  journal = {Educational Researcher}
}

@article{crc-zeller,
  doi = {10.15252/msb.20145645},
  url = {https://doi.org/10.15252/msb.20145645},
  year  = {2014},
  month = {nov},
  publisher = {{EMBO}},
  volume = {10},
  number = {11},
  pages = {766--766},
  author = {G. Zeller and J. Tap and A. Y. Voigt and S. Sunagawa and J. R. Kultima and P. I. Costea and A. Amiot and J. Bohm and F. Brunetti and N. Habermann and R. Hercog and M. Koch and A. Luciani and D. R. Mende and M. A. Schneider and P. Schrotz-King and C. Tournigand and J. Tran Van Nhieu and T. Yamada and J. Zimmermann and V. Benes and M. Kloor and C. M. Ulrich and M. von Knebel Doeberitz and I. Sobhani and P. Bork},
  title = {Potential of fecal microbiota for early-stage detection of colorectal cancer},
  journal = {Molecular Systems Biology}
}

@article{asd-son,
  doi = {10.1371/journal.pone.0137725},
  url = {https://doi.org/10.1371/journal.pone.0137725},
  year  = {2015},
  month = {oct},
  publisher = {Public Library of Science ({PLoS})},
  volume = {10},
  number = {10},
  pages = {e0137725},
  author = {Joshua S. Son and Ling J. Zheng and Leahana M. Rowehl and Xinyu Tian and Yuanhao Zhang and Wei Zhu and Leighann Litcher-Kelly and Kenneth D. Gadow and Grace Gathungu and Charles E. Robertson and Diana Ir and Daniel N. Frank and Ellen Li},
  editor = {Markus M. Heimesaat},
  title = {Comparison of Fecal Microbiota in Children with Autism Spectrum Disorders and Neurotypical Siblings in the Simons Simplex Collection},
  journal = {{PLOS} {ONE}}
}

@article{ra-scher,
  doi = {10.7554/elife.01202},
  url = {https://doi.org/10.7554/elife.01202},
  year  = {2013},
  month = {nov},
  publisher = {{eLife} Sciences Publications,  Ltd},
  volume = {2},
  author = {Jose U Scher and Andrew Sczesnak and Randy S Longman and Nicola Segata and Carles Ubeda and Craig Bielski and Tim Rostron and Vincenzo Cerundolo and Eric G Pamer and Steven B Abramson and Curtis Huttenhower and Dan R Littman},
  title = {Expansion of intestinal Prevotella copri correlates with enhanced susceptibility to arthritis},
  journal = {{eLife}}
}

@article{nash-wong,
  doi = {10.1371/journal.pone.0062885},
  url = {https://doi.org/10.1371/journal.pone.0062885},
  year  = {2013},
  month = {apr},
  publisher = {Public Library of Science ({PLoS})},
  volume = {8},
  number = {4},
  pages = {e62885},
  author = {Vincent Wai-Sun Wong and Chi-Hang Tse and Tommy Tsan-Yuk Lam and Grace Lai-Hung Wong and Angel Mei-Ling Chim and Winnie Chiu-Wing Chu and David Ka-Wai Yeung and Patrick Tik-Wan Law and Hoi-Shan Kwan and Jun Yu and Joseph Jao-Yiu Sung and Henry Lik-Yuen Chan},
  editor = {Massimo Federici},
  title = {Molecular Characterization of the Fecal Microbiota in Patients with Nonalcoholic Steatohepatitis {\textendash} A Longitudinal Study},
  journal = {{PLoS} {ONE}}
}

@article{ob-zupancic,
  doi = {10.1371/journal.pone.0043052},
  url = {https://doi.org/10.1371/journal.pone.0043052},
  year  = {2012},
  month = {aug},
  publisher = {Public Library of Science ({PLoS})},
  volume = {7},
  number = {8},
  pages = {e43052},
  author = {Margaret L. Zupancic and Brandi L. Cantarel and Zhenqiu Liu and Elliott F. Drabek and Kathleen A. Ryan and Shana Cirimotich and Cheron Jones and Rob Knight and William A. Walters and Daniel Knights and Emmanuel F. Mongodin and Richard B. Horenstein and Braxton D. Mitchell and Nanette Steinle and Soren Snitker and Alan R. Shuldiner and Claire M. Fraser},
  editor = {Farook Thameem},
  title = {Analysis of the Gut Microbiota in the Old Order Amish and Its Relation to the Metabolic Syndrome},
  journal = {{PLoS} {ONE}}
}

@article{crc-baxter,
  doi = {10.1186/s13073-016-0290-3},
  url = {https://doi.org/10.1186/s13073-016-0290-3},
  year  = {2016},
  month = {apr},
  publisher = {Springer Nature},
  volume = {8},
  number = {1},
  author = {Nielson T. Baxter and Mack T. Ruffin and Mary A. M. Rogers and Patrick D. Schloss},
  title = {Microbiota-based model improves the sensitivity of fecal immunochemical test for detecting colonic lesions},
  journal = {Genome Medicine}
}

@article{edd-singh,
  doi = {10.1186/s40168-015-0109-2},
  url = {https://doi.org/10.1186/s40168-015-0109-2},
  year  = {2015},
  month = {sep},
  publisher = {Springer Nature},
  volume = {3},
  number = {1},
  author = {Pallavi Singh and Tracy K. Teal and Terence L. Marsh and James M. Tiedje and Rebekah Mosci and Katherine Jernigan and Angela Zell and Duane W. Newton and Hossein Salimnia and Paul Lephart and Daniel Sundin and Walid Khalife and Robert A. Britton and James T. Rudrik and Shannon D. Manning},
  title = {Intestinal microbial communities associated with acute enteric infections and disease recovery},
  journal = {Microbiome}
}

@article{quraishi-2017-rcdifmt,
  doi = {10.1111/apt.14201},
  url = {https://doi.org/10.1111/apt.14201},
  year  = {2017},
  month = {jul},
  publisher = {Wiley},
  volume = {46},
  number = {5},
  pages = {479--493},
  author = {M. N. Quraishi and M. Widlak and N. Bhala and D. Moore and M. Price and N. Sharma and T. H. Iqbal},
  title = {Systematic review with meta-analysis: the efficacy of faecal microbiota transplantation for the treatment of recurrent and refractory Clostridium difficile
		 infection},
  journal = {Alimentary Pharmacology {\&} Therapeutics}
}

@article{bafeta-2017-fmt,
  doi = {10.7326/m16-2810},
  url = {https://doi.org/10.7326/m16-2810},
  year  = {2017},
  month = {may},
  publisher = {American College of Physicians},
  volume = {167},
  number = {1},
  pages = {34},
  author = {AÃ¯da Bafeta and Amelie Yavchitz and Carolina Riveros and Rui Batista and Philippe Ravaud},
  title = {Methods and Reporting Studies Assessing Fecal Microbiota Transplantation},
  journal = {Annals of Internal Medicine}
}

@article{moayyedi-2015,
  doi = {10.1053/j.gastro.2015.04.001},
  url = {https://doi.org/10.1053/j.gastro.2015.04.001},
  year  = {2015},
  month = {jul},
  publisher = {Elsevier {BV}},
  volume = {149},
  number = {1},
  pages = {102--109.e6},
  author = {Paul Moayyedi and Michael G. Surette and Peter T. Kim and Josie Libertucci and Melanie Wolfe and Catherine Onischi and David Armstrong and John K. Marshall and Zain Kassam and Walter Reinisch and Christine H. Lee},
  title = {Fecal Microbiota Transplantation Induces Remission in Patients With Active Ulcerative Colitis in a Randomized Controlled Trial},
  journal = {Gastroenterology}
}

@article{olesen-2018-superstool,
  doi = {10.1038/s41575-018-0019-4},
  url = {https://doi.org/10.1038/s41575-018-0019-4},
  year  = {2018},
  month = {apr},
  publisher = {Springer Nature},
  volume = {15},
  number = {7},
  pages = {387--388},
  author = {Scott W. Olesen and McKenzie M. Leier and Eric J. Alm and Stacy A. Kahn},
  title = {Searching for superstool: maximizing the therapeutic potential of {FMT}},
  journal = {Nature Reviews Gastroenterology {\&} Hepatology}
}

@article{hsiao-2013-autism,
  doi = {10.1016/j.cell.2013.11.024},
  url = {https://doi.org/10.1016/j.cell.2013.11.024},
  year  = {2013},
  month = {dec},
  publisher = {Elsevier {BV}},
  volume = {155},
  number = {7},
  pages = {1451--1463},
  author = {Elaine~Y. Hsiao and Sara~W. McBride and Sophia Hsien and Gil Sharon and Embriette~R. Hyde and Tyler McCue and Julian~A. Codelli and Janet Chow and Sarah~E. Reisman and Joseph~F. Petrosino and Paul~H. Patterson and Sarkis~K. Mazmanian},
  title = {Microbiota Modulate Behavioral and Physiological Abnormalities Associated with Neurodevelopmental Disorders},
  journal = {Cell}
}

@article{knights-2011-predictivevalue,
  doi = {10.1016/j.chom.2011.09.003},
  url = {https://doi.org/10.1016/j.chom.2011.09.003},
  year  = {2011},
  month = {oct},
  publisher = {Elsevier {BV}},
  volume = {10},
  number = {4},
  pages = {292--296},
  author = {Dan Knights and Laura~Wegener Parfrey and Jesse Zaneveld and Catherine Lozupone and Rob Knight},
  title = {Human-Associated Microbial Signatures: Examining Their Predictive Value},
  journal = {Cell Host {\&} Microbe}
}

@article{hmp-2012,
  doi = {10.1038/nature11234},
  url = {https://doi.org/10.1038/nature11234},
  year  = {2012},
  month = {jun},
  publisher = {Springer Nature},
  volume = {486},
  number = {7402},
  pages = {207--214},
  title = {Structure, function and diversity of the healthy human microbiome},
  journal = {Nature},
  author = {The~Human~Microbiome~Project Consortium}
}

@article{ridaura-2013-obfmt,
  doi = {10.1126/science.1241214},
  url = {https://doi.org/10.1126/science.1241214},
  year  = {2013},
  month = {sep},
  publisher = {American Association for the Advancement of Science ({AAAS})},
  volume = {341},
  number = {6150},
  pages = {1241214--1241214},
  author = {V. K. Ridaura and J. J. Faith and F. E. Rey and J. Cheng and A. E. Duncan and A. L. Kau and N. W. Griffin and V. Lombard and B. Henrissat and J. R. Bain and M. J. Muehlbauer and O. Ilkayeva and C. F. Semenkovich and K. Funai and D. K. Hayashi and B. J. Lyle and M. C. Martini and L. K. Ursell and J. C. Clemente and W. Van Treuren and W. A. Walters and R. Knight and C. B. Newgard and A. C. Heath and J. I. Gordon},
  title = {Gut Microbiota from Twins Discordant for Obesity Modulate Metabolism in Mice},
  journal = {Science}
}

@article{gibbons-2018,
  doi = {10.1371/journal.pcbi.1006102},
  url = {https://doi.org/10.1371/journal.pcbi.1006102},
  year  = {2018},
  month = {apr},
  publisher = {Public Library of Science ({PLoS})},
  volume = {14},
  number = {4},
  pages = {e1006102},
  author = {Sean M. Gibbons and Claire Duvallet and Eric J. Alm},
  editor = {Morgan Langille},
  title = {Correcting for batch effects in case-control microbiome studies},
  journal = {{PLOS} Computational Biology}
}
