@article{holas1994aspcomplications,
  doi = {10.1001/archneur.1994.00540220099020},
  url = {https://doi.org/10.1001/archneur.1994.00540220099020},
  year  = {1994},
  month = {oct},
  publisher = {American Medical Association ({AMA})},
  volume = {51},
  number = {10},
  pages = {1051--1053},
  author = {M. A. Holas and K. L. DePippo and M. J. Reding},
  title = {Aspiration and Relative Risk of Medical Complications Following Stroke},
  journal = {Archives of Neurology}
}
@article{thomson2016asppneumo,
  doi = {10.1542/peds.2015-1612},
  url = {https://doi.org/10.1542/peds.2015-1612},
  year  = {2016},
  month = {jan},
  publisher = {American Academy of Pediatrics ({AAP})},
  volume = {137},
  number = {2},
  pages = {e20151612--e20151612},
  author = {J. Thomson and M. Hall and L. Ambroggio and B. Stone and R. Srivastava and S. S. Shah and J. G. Berry},
  title = {Aspiration and Non-Aspiration Pneumonia in Hospitalized Children With Neurologic Impairment},
  journal = {Pediatrics}
}
@article{barnhart2013fundo,
  doi = {10.1001/jamapediatrics.2013.334},
  url = {https://doi.org/10.1001/jamapediatrics.2013.334},
  year  = {2013},
  month = {oct},
  publisher = {American Medical Association ({AMA})},
  volume = {167},
  number = {10},
  pages = {911},
  author = {Douglas C. Barnhart and Matthew Hall and Sanjay Mahant and Adam B. Goldin and Jay G. Berry and Roger G. Faix and J. Michael Dean and Rajendu Srivastava},
  title = {Effectiveness of Fundoplication at the Time of Gastrostomy in Infants With Neurological Impairment},
  journal = {{JAMA} Pediatrics}
}
@article{lee2008fundo,
  doi = {10.1016/j.jpedsurg.2007.09.020},
  url = {https://doi.org/10.1016/j.jpedsurg.2007.09.020},
  year  = {2008},
  month = {jan},
  publisher = {Elsevier {BV}},
  volume = {43},
  number = {1},
  pages = {59--65},
  author = {Steven L. Lee and Hooman Shabatian and Jin-Wen Hsu and Harry Applebaum and Philip I. Haigh},
  title = {Hospital admissions for respiratory symptoms and failure to thrive before and after Nissen fundoplication},
  journal = {Journal of Pediatric Surgery}
}
@article{goldin2006fundo,
  doi = {10.1542/peds.2006-2212},
  url = {https://doi.org/10.1542/peds.2006-2212},
  year  = {2006},
  month = {dec},
  publisher = {American Academy of Pediatrics ({AAP})},
  volume = {118},
  number = {6},
  pages = {2326--2333},
  author = {A. B. Goldin and R. Sawin and K. D. Seidel and D. R. Flum},
  title = {Do Antireflux Operations Decrease the Rate of Reflux-Related Hospitalizations in Children?},
  journal = {Pediatrics}
}
@article{yeh2016,
  doi = {10.1002/ppul.23442},
  url = {https://doi.org/10.1002/ppul.23442},
  year  = {2016},
  month = {apr},
  publisher = {Wiley-Blackwell},
  volume = {51},
  number = {11},
  pages = {1206--1211},
  author = {Jennifer Yeh and Sharon A. McGrath-Morrow and Joseph M. Collaco},
  title = {Oxygen weaning after hospital discharge in children with bronchopulmonary dysplasia},
  journal = {Pediatric Pulmonology}
}
@article{gurberg2015penetration,
  doi = {10.1016/j.ijporl.2015.08.016},
  url = {https://doi.org/10.1016/j.ijporl.2015.08.016},
  year  = {2015},
  month = {nov},
  publisher = {Elsevier {BV}},
  volume = {79},
  number = {11},
  pages = {1827--1830},
  author = {Joshua Gurberg and Rena Birnbaum and Sam J. Daniel},
  title = {Laryngeal penetration on videofluoroscopic swallowing study is associated with increased pneumonia in children},
  journal = {International Journal of Pediatric Otorhinolaryngology}
}
@article{rosen2015ppi,
  doi = {10.1016/j.jpeds.2014.12.067},
  url = {https://doi.org/10.1016/j.jpeds.2014.12.067},
  year  = {2015},
  month = {apr},
  publisher = {Elsevier {BV}},
  volume = {166},
  number = {4},
  pages = {917--923},
  author = {Rachel Rosen and Lan Hu and Janine Amirault and Umakanth Khatwa and Doyle V. Ward and Andrew Onderdonk},
  title = {16S Community Profiling Identifies Proton Pump Inhibitor Related Differences in Gastric,  Lung,  and Oropharyngeal Microflora},
  journal = {The Journal of Pediatrics}
}
@article{rosen2011culture,
  doi = {10.1016/j.jpeds.2011.05.021},
  url = {https://doi.org/10.1016/j.jpeds.2011.05.021},
  year  = {2011},
  month = {sep},
  publisher = {Elsevier {BV}},
  volume = {159},
  number = {3},
  pages = {504--506},
  author = {Rachel Rosen and Nikki Johnston and Kristen Hart and Umakanth Khatwa and Eliot Katz and Samuel Nurko},
  title = {Higher Rate of Bronchoalveolar Lavage Culture Positivity in Children with Nonacid Reflux and Respiratory Disorders},
  journal = {The Journal of Pediatrics}
}
@article{rosen2004impedance,
  doi = {10.1111/j.1572-0241.2004.40268.x},
  url = {https://doi.org/10.1111/j.1572-0241.2004.40268.x},
  year  = {2004},
  month = {dec},
  publisher = {Springer Nature},
  volume = {99},
  number = {12},
  pages = {2452--2458},
  author = {Rachel Rosen and Samuel Nurko},
  title = {The Importance of Multichannel Intraluminal Impedance in the Evaluation of Children with Persistent Respiratory Symptoms},
  journal = {The American Journal of Gastroenterology}
}
@article{vandenplas2009reflux,
  year  = {2009},
  volume = {29},
  number = {4},
  pages = {498--547},
  author = {Vandenplas, Y. and Rudolph, C.D. and Di Lorenzo, C. and Hassall, E. and Liptak, G. and Mazur, L. and Sondheimer, J. and Staiano, A. and Thomson, M. and Veereman-Wauters, G. and Wenzl, T.G.},
  title = {Pediatric gastroesophageal reflux clinical practice guidelines: joint recommendations of the North American Society for Pediatric Gastroenterology, Hepatology, and Nutrition (NASPGHAN) and the European Society for Pediatric Gastroenterology, Hepatology, and Nutrition (ESPGHAN)},
  journal = {Journal of pediatric gastroenterology and nutrition}
}
@article{shay2004phmii,
  doi = {10.1111/j.1572-0241.2004.04172.x},
  url = {https://doi.org/10.1111/j.1572-0241.2004.04172.x},
  year  = {2004},
  month = {jun},
  publisher = {Springer Nature},
  volume = {99},
  number = {6},
  pages = {1037--1043},
  author = {Steven Shay and Radu Tutuian and Daniel Sifrim and Marcelo Vela and James Wise and Nagammapudur Balaji and Xin Zhang and Talal Adhami and Joseph Murray and Jeffrey Peters and Donald Castell},
  title = {Twenty-Four Hour Ambulatory Simultaneous Impedance and {pH} Monitoring: A Multicenter Report of Normal Values From 60 Healthy Volunteers},
  journal = {The American Journal of Gastroenterology}
}
@article{houghton-microaspiration-2016,
 doi = {10.1038/nrgastro.2016.91},
 url = {http://dx.doi.org/10.1038/nrgastro.2016.91},
 year = {2016},
 volume = {13},
 number = {8},
 pages = {445--460},
 author = {Houghton, L. A. and Lee, A. S. and Badri, H. and DeVault, K. R. and Smith, J. A.},
 title = {Respiratory disease and the oesophagus: reflux, reflexes and microaspiration},
 journal = {Nature Reviews Gastroenterology \& Hepatology}
}
@article{Almomani2016cf,
  doi = {10.1038/srep26985},
  url = {https://doi.org/10.1038%2Fsrep26985},
  year  = {2016},
  publisher = {Springer Nature},
  volume = {6},
  number = {1},
  author = {H. Al-momani and A. Perry and C. J. Stewart and R. Jones and A. Krishnan and A. G. Robertson and S. Bourke and S. Doe and S. P. Cummings and A. Anderson and T. Forrest and S. M. Griffin and M. Brodlie and J. Pearson and C. Ward},
  title = {Microbiological profiles of sputum and gastric juice aspirates in Cystic Fibrosis patients},
  journal = {Scientific Reports}
}
@article{Bassis2015source,
  doi = {10.1128/mbio.00037-15},
  url = {https://doi.org/10.1128%2Fmbio.00037-15},
  year  = {2015},
  volume = {6},
  number = {2},
  pages = {e00037--15},
  author = {Christine M. Bassis and John R. Erb-Downward and Robert P. Dickson and Christine M. Freeman and Thomas M. Schmidt and Vincent B. Young and James M. Beck and Jeffrey L. Curtis and Gary B. Huffnagle},
  title = {Analysis of the Upper Respiratory Tract Microbiotas as the Source of the Lung and Gastric Microbiotas in Healthy Individuals},
  journal = {{mBio}}
}
@article{Dickson2014,
  doi = {10.1016/s0140-6736(14)61136-3},
  url = {https://doi.org/10.1016/s0140-6736(14)61136-3},
  year  = {2014},
  month = {aug},
  publisher = {Elsevier {BV}},
  volume = {384},
  number = {9944},
  pages = {691--702},
  author = {Robert P Dickson and Fernando J Martinez and Gary B Huffnagle},
  title = {The role of the microbiome in exacerbations of chronic lung diseases},
  journal = {The Lancet}
}
@article{Charlson2011topographical,
  doi = {10.1164/rccm.201104-0655oc},
  url = {https://doi.org/10.1164%2Frccm.201104-0655oc},
  year  = {2011},
  publisher = {American Thoracic Society},
  volume = {184},
  number = {8},
  pages = {957--963},
  author = {Emily S. Charlson and Kyle Bittinger and Andrew R. Haas and Ayannah S. Fitzgerald and Ian Frank and Anjana Yadav and Frederic D. Bushman and Ronald G. Collman},
  title = {Topographical Continuity of Bacterial Populations in the Healthy Human Respiratory Tract},
  journal = {American Journal of Respiratory and Critical Care Medicine}
}
@article{erbDownward-2011-COPD,
	doi = {10.1371/journal.pone.0016384},
	url = {https://doi.org/10.1371%2Fjournal.pone.0016384},
	year = 2011,
	month = {feb},
	publisher = {Public Library of Science ({PLoS})},
	volume = {6},
	number = {2},
	pages = {e16384},
	author = {John R. Erb-Downward and Deborah L. Thompson and Meilan K. Han and Christine M. Freeman and Lisa McCloskey and Lindsay A. Schmidt and Vincent B. Young and Galen B. Toews and Jeffrey L. Curtis and Baskaran Sundaram and Fernando J. Martinez and Gary B. Huffnagle},
	editor = {Stefan Bereswill},
	title = {Analysis of the Lung Microbiome in the {\textquotedblleft}Healthy{\textquotedblright} Smoker and in {COPD}},
	journal = {{PLoS} {ONE}}
}
@article{segal-2013-pneumotypes,
	doi = {10.1186/2049-2618-1-19},
	url = {https://doi.org/10.1186%2F2049-2618-1-19},
	year = 2013,
	publisher = {Springer Nature},
	volume = {1},
	number = {1},
	pages = {19},
	author = {Leopoldo N Segal and Alexander V Alekseyenko and Jose C Clemente and Rohan Kulkarni and Benjamin Wu and Hao Chen and Kenneth I Berger and Roberta M Goldring and William N Rom and Martin J Blaser and Michael D Weiden},
	title = {Enrichment of lung microbiome with supraglottic taxa is associated with increased pulmonary inflammation},
	journal = {Microbiome}
}
@article{segal-2016-inflammation,
  doi = {10.1038/nmicrobiol.2016.31},
  url = {https://doi.org/10.1038/nmicrobiol.2016.31},
  year  = {2016},
  month = {apr},
  publisher = {Springer Nature},
  volume = {1},
  number = {5},
  author = {Leopoldo N. Segal and Jose C. Clemente and Jun-Chieh J. Tsay and Sergei B. Koralov and Brian C. Keller and Benjamin G. Wu and Yonghua Li and Nan Shen and Elodie Ghedin and Alison Morris and Phillip Diaz and Laurence Huang and William R. Wikoff and Carles Ubeda and Alejandro Artacho and William N. Rom and Daniel H. Sterman and Ronald G. Collman and Martin J. Blaser and Michael D. Weiden},
  title = {Enrichment of the lung microbiome with oral taxa is associated with lung inflammation of a Th17 phenotype},
  journal = {Nature Microbiology}
}
@article{morris-2013-healthsmokers,
	doi = {10.1164/rccm.201210-1913oc},
	url = {https://doi.org/10.1164%2Frccm.201210-1913oc},
	year = 2013,
	month = {may},
	publisher = {American Thoracic Society},
	volume = {187},
	number = {10},
	pages = {1067--1075},
	author = {Alison Morris and James M. Beck and Patrick D. Schloss and Thomas B. Campbell and Kristina Crothers and Jeffrey L. Curtis and Sonia C. Flores and Andrew P. Fontenot and Elodie Ghedin and Laurence Huang and Kathleen Jablonski and Eric Kleerup and Susan V. Lynch and Erica Sodergren and Homer Twigg and Vincent B. Young and Christine M. Bassis and Arvind Venkataraman and Thomas M. Schmidt and George M. Weinstock},
	title = {Comparison of the Respiratory Microbiome in Healthy Nonsmokers and Smokers},
	journal = {American Journal of Respiratory and Critical Care Medicine}
}
@article{david-2014-lifestyle,
	doi = {10.1186/gb-2014-15-7-r89},
	url = {https://doi.org/10.1186%2Fgb-2014-15-7-r89},
	year = 2014,
	publisher = {Springer Nature},
	volume = {15},
	number = {7},
	pages = {R89},
	author = {Lawrence A David and Arne C Materna and Jonathan Friedman and Maria I Campos-Baptista and Matthew C Blackburn and Allison Perrotta and Susan E Erdman and Eric J Alm},
	title = {Host lifestyle affects human microbiota on daily timescales},
	journal = {Genome Biology}
}
@article{venkataraman-2015-dispersal,
	doi = {10.1128/mbio.02284-14},
	url = {https://doi.org/10.1128%2Fmbio.02284-14},
	year = 2015,
	month = {jan},
	publisher = {American Society for Microbiology},
	volume = {6},
	number = {1},
	pages = {e02284--14},
	author = {Arvind Venkataraman and Christine M. Bassis and James M. Beck and Vincent B. Young and Jeffrey L. Curtis and Gary B. Huffnagle and Thomas M. Schmidt},
	title = {Application of a Neutral Community Model To Assess Structuring of the Human Lung Microbiome},
	journal = {{mBio}}
}
@article{pettigrew2016pneumo,
  doi = {10.1186/s12879-016-1670-4},
  url = {https://doi.org/10.1186/s12879-016-1670-4},
  year  = {2016},
  month = {jul},
  publisher = {Springer Nature},
  volume = {16},
  number = {1},
  author = {Melinda M. Pettigrew and Janneane F. Gent and Yong Kong and Martina Wade and Shane Gansebom and Anna M. Bramley and Seema Jain and Sandra L. R. Arnold and Jonathan A. McCullers},
  title = {Association of sputum microbiota profiles with severity of community-acquired pneumonia in children},
  journal = {{BMC} Infectious Diseases}
}
@article{ortega2015oralpatho,
  doi = {10.1111/nmo.12690},
  url = {https://doi.org/10.1111/nmo.12690},
  year  = {2015},
  month = {sep},
  publisher = {Wiley-Blackwell},
  volume = {27},
  number = {12},
  pages = {1804--1816},
  author = {O. Ortega and O. Sakwinska and S. Combremont and B. Berger and J. Sauser and C. Parra and S. Zarcero and J. Nart and S. Carri{\'{o}}n and P. Clav{\'{e}}},
  title = {High prevalence of colonization of oral cavity by respiratory pathogens in frail older patients with oropharyngeal dysphagia},
  journal = {Neurogastroenterology {\&} Motility}
}
@article{weir2007pneumoasp,
  doi = {10.1002/ppul.20687},
  url = {https://doi.org/10.1002/ppul.20687},
  year  = {2007},
  publisher = {Wiley-Blackwell},
  volume = {42},
  number = {11},
  pages = {1024--1031},
  author = {Kelly Weir and Sandra McMahon and Linda Barry and Robert Ware and I Brent Masters and Anne B. Chang},
  title = {Oropharyngeal aspiration and pneumonia in children},
  journal = {Pediatric Pulmonology}
}
@article{costello2009bodysites,
  doi = {10.1126/science.1177486},
  url = {https://doi.org/10.1126/science.1177486},
  year  = {2009},
  month = {nov},
  publisher = {American Association for the Advancement of Science ({AAAS})},
  volume = {326},
  number = {5960},
  pages = {1694--1697},
  author = {E. K. Costello and C. L. Lauber and M. Hamady and N. Fierer and J. I. Gordon and R. Knight},
  title = {Bacterial Community Variation in Human Body Habitats Across Space and Time},
  journal = {Science}
}
@article{huttenhower2012hmp,
  doi = {10.1038/nature11234},
  url = {https://doi.org/10.1038/nature11234},
  year  = {2012},
  month = {jun},
  publisher = {Springer Nature},
  volume = {486},
  number = {7402},
  pages = {207--214},
  author = {Curtis Huttenhower and Dirk Gevers and Rob Knight and Sahar Abubucker and Jonathan H. Badger and Asif T. Chinwalla and Heather H. Creasy and Ashlee M. Earl and Michael G. FitzGerald and Robert S. Fulton and Michelle G. Giglio and Kymberlie Hallsworth-Pepin and Elizabeth A. Lobos and Ramana Madupu and Vincent Magrini and John C. Martin and Makedonka Mitreva and Donna M. Muzny and Erica J. Sodergren and James Versalovic and Aye M. Wollam and Kim C. Worley and Jennifer R. Wortman and Sarah K. Young and Qiandong Zeng and Kjersti M. Aagaard and Olukemi O. Abolude and Emma Allen-Vercoe and Eric J. Alm and Lucia Alvarado and Gary L. Andersen and Scott Anderson and Elizabeth Appelbaum and Harindra M. Arachchi and Gary Armitage and Cesar A. Arze and Tulin Ayvaz and Carl C. Baker and Lisa Begg and Tsegahiwot Belachew and Veena Bhonagiri and Monika Bihan and Martin J. Blaser and Toby Bloom and Vivien Bonazzi and J. Paul Brooks and Gregory A. Buck and Christian J. Buhay and Dana A. Busam and Joseph L. Campbell and Shane R. Canon and Brandi L. Cantarel and Patrick S. G. Chain and I-Min A. Chen and Lei Chen and Shaila Chhibba and Ken Chu and Dawn M. Ciulla and Jose C. Clemente and Sandra W. Clifton and Sean Conlan and Jonathan Crabtree and Mary A. Cutting and Noam J. Davidovics and Catherine C. Davis and Todd Z. DeSantis and Carolyn Deal and Kimberley D. Delehaunty and Floyd E. Dewhirst and Elena Deych and Yan Ding and David J. Dooling and Shannon P. Dugan and Wm Michael Dunne and A. Scott Durkin and Robert C. Edgar and Rachel L. Erlich and Candace N. Farmer and Ruth M. Farrell and Karoline Faust and Michael Feldgarden and Victor M. Felix and Sheila Fisher and Anthony A. Fodor and Larry J. Forney and Leslie Foster and Valentina Di Francesco and Jonathan Friedman and Dennis C. Friedrich and Catrina C. Fronick and Lucinda L. Fulton and Hongyu Gao and Nathalia Garcia and Georgia Giannoukos and Christina Giblin and Maria Y. Giovanni and Jonathan M. Goldberg and Johannes Goll and Antonio Gonzalez and Allison Griggs and Sharvari Gujja and Susan Kinder Haake and Brian J. Haas and Holli A. Hamilton and Emily L. Harris and Theresa A. Hepburn and Brandi Herter and Diane E. Hoffmann and Michael E. Holder and Clinton Howarth and Katherine H. Huang and Susan M. Huse and Jacques Izard and Janet K. Jansson and Huaiyang Jiang and Catherine Jordan and Vandita Joshi and James A. Katancik and Wendy A. Keitel and Scott T. Kelley and Cristyn Kells and Nicholas B. King and Dan Knights and Heidi H. Kong and Omry Koren and Sergey Koren and Karthik C. Kota and Christie L. Kovar and Nikos C. Kyrpides and Patricio S. La Rosa and Sandra L. Lee and Katherine P. Lemon and Niall Lennon and Cecil M. Lewis and Lora Lewis and Ruth E. Ley and Kelvin Li and Konstantinos Liolios and Bo Liu and Yue Liu and Chien-Chi Lo and Catherine A. Lozupone and R. Dwayne Lunsford and Tessa Madden and Anup A. Mahurkar and Peter J. Mannon and Elaine R. Mardis and Victor M. Markowitz and Konstantinos Mavromatis and Jamison M. McCorrison and Daniel McDonald and Jean McEwen and Amy L. McGuire and Pamela McInnes and Teena Mehta and Kathie A. Mihindukulasuriya and Jason R. Miller and Patrick J. Minx and Irene Newsham and Chad Nusbaum and Michelle O'Laughlin and Joshua Orvis and Ioanna Pagani and Krishna Palaniappan and Shital M. Patel and Matthew Pearson and Jane Peterson and Mircea Podar and Craig Pohl and Katherine S. Pollard and Mihai Pop and Margaret E. Priest and Lita M. Proctor and Xiang Qin and Jeroen Raes and Jacques Ravel and Jeffrey G. Reid and Mina Rho and Rosamond Rhodes and Kevin P. Riehle and Maria C. Rivera and Beltran Rodriguez-Mueller and Yu-Hui Rogers and Matthew C. Ross and Carsten Russ and Ravi K. Sanka and Pamela Sankar and J. Fah Sathirapongsasuti and Jeffery A. Schloss and Patrick D. Schloss and Thomas M. Schmidt and Matthew Scholz and Lynn Schriml and Alyxandria M. Schubert and Nicola Segata and Julia A. Segre and William D. Shannon and Richard R. Sharp and Thomas J. Sharpton and Narmada Shenoy and Nihar U. Sheth and Gina A. Simone and Indresh Singh and Christopher S. Smillie and Jack D. Sobel and Daniel D. Sommer and Paul Spicer and Granger G. Sutton and Sean M. Sykes and Diana G. Tabbaa and Mathangi Thiagarajan and Chad M. Tomlinson and Manolito Torralba and Todd J. Treangen and Rebecca M. Truty and Tatiana A. Vishnivetskaya and Jason Walker and Lu Wang and Zhengyuan Wang and Doyle V. Ward and Wesley Warren and Mark A. Watson and Christopher Wellington and Kris A. Wetterstrand and James R. White and Katarzyna Wilczek-Boney and YuanQing Wu and Kristine M. Wylie and Todd Wylie and Chandri Yandava and Liang Ye and Yuzhen Ye and Shibu Yooseph and Bonnie P. Youmans and Lan Zhang and Yanjiao Zhou and Yiming Zhu and Laurie Zoloth and Jeremy D. Zucker and Bruce W. Birren and Richard A. Gibbs and Sarah K. Highlander and Barbara A. Meth{\'{e}} and Karen E. Nelson and Joseph F. Petrosino and George M. Weinstock and Richard K. Wilson and Owen White},
  title = {Structure,  function and diversity of the healthy human microbiome},
  journal = {Nature}
}
@article{lozupone2013bodysites,
  doi = {10.1101/gr.151803.112},
  url = {https://doi.org/10.1101/gr.151803.112},
  year  = {2013},
  month = {jul},
  publisher = {Cold Spring Harbor Laboratory},
  volume = {23},
  number = {10},
  pages = {1704--1714},
  author = {C. A. Lozupone and J. Stombaugh and A. Gonzalez and G. Ackermann and D. Wendel and Y. Vazquez-Baeza and J. K. Jansson and J. I. Gordon and R. Knight},
  title = {Meta-analyses of studies of the human microbiota},
  journal = {Genome Research}
}
@article{tantipong2008decontamination,
  doi = {10.1086/526438},
  url = {https://doi.org/10.1086/526438},
  year  = {2008},
  month = {feb},
  publisher = {Cambridge University Press ({CUP})},
  volume = {29},
  number = {02},
  pages = {131--136},
  author = {Hutsaya Tantipong and Chantana Morkchareonpong and Songyod Jaiyindee and Visanu Thamlikitkul},
  title = {Randomized Controlled Trial and Meta-analysis of Oral Decontamination with 2{\%} Chlorhexidine Solution for the Prevention of Ventilator-Associated Pneumonia},
  journal = {Infection Control {\&} Hospital Epidemiology}
}
@article{koeman2006decontamination,
  doi = {10.1164/rccm.200505-820oc},
  url = {https://doi.org/10.1164/rccm.200505-820oc},
  year  = {2006},
  month = {jun},
  publisher = {American Thoracic Society},
  volume = {173},
  number = {12},
  pages = {1348--1355},
  author = {Mirelle Koeman and Andre J. A. M. van der Ven and Eelko Hak and Hans C. A. Joore and Karin Kaasjager and Annemarie G. A. de Smet and Graham Ramsay and Tom P. J. Dormans and Leon P. H. J. Aarts and Ernst E. de Bel and Willem N. M. Hustinx and Ingeborg van der Tweel and Andy M. Hoepelman and Marc J. M. Bonten},
  title = {Oral Decontamination with Chlorhexidine Reduces the Incidence of Ventilator-associated Pneumonia},
  journal = {American Journal of Respiratory and Critical Care Medicine}
}
@article{hu2010pseudo,
  doi = {10.1016/j.ajic.2010.02.012},
  url = {https://doi.org/10.1016/j.ajic.2010.02.012},
  year  = {2010},
  month = {nov},
  publisher = {Elsevier {BV}},
  volume = {38},
  number = {9},
  pages = {746--750},
  author = {Hong-bo Hu and Han-ju Huang and Qiao-ying Peng and Jia Lu and Xing-yun Lei},
  title = {Prospective study of colonization and infection because of Pseudomonas aeruginosa in mechanically ventilated patients at a neonatal intensive care unit in China},
  journal = {American Journal of Infection Control}
}
@Misc{scipy,
  author =    {Eric Jones and Travis Oliphant and Pearu Peterson and others},
  title =     {{SciPy}: Open source scientific tools for {Python}},
  year =      {2001--},
  url = "http://www.scipy.org/"
}
@article{wang2007rdp,
  title={Naive Bayesian classifier for rapid assignment of rRNA sequences into the new bacterial taxonomy},
  author={Wang, Qiong and Garrity, George M and Tiedje, James M and Cole, James R},
  journal={Applied and environmental microbiology},
  volume={73},
  number={16},
  pages={5261--5267},
  year={2007},
  publisher={Am Soc Microbiol}
}
@article{akata2016oralstrepto,
  doi = {10.1186/s12890-016-0235-z},
  url = {https://doi.org/10.1186/s12890-016-0235-z},
  year  = {2016},
  month = {may},
  publisher = {Springer Nature},
  volume = {16},
  number = {1},
  author = {Kentaro Akata and Kazuhiro Yatera and Kei Yamasaki and Toshinori Kawanami and Keisuke Naito and Shingo Noguchi and Kazumasa Fukuda and Hiroshi Ishimoto and Hatsumi Taniguchi and Hiroshi Mukae},
  title = {The significance of oral streptococci in patients with pneumonia with risk factors for aspiration: the bacterial floral analysis of 16S ribosomal {RNA} gene using bronchoalveolar lavage fluid},
  journal = {{BMC} Pulmonary Medicine}
}
@article{kageyama2017pneumomortality,
  doi = {10.1093/gerona/glx205},
  url = {https://doi.org/10.1093/gerona/glx205},
  year  = {2017},
  month = {oct},
  publisher = {Oxford University Press ({OUP})},
  author = {Shinya Kageyama and Toru Takeshita and Michiko Furuta and Mikiko Tomioka and Mikari Asakawa and Shino Suma and Kenji Takeuchi and Yukie Shibata and Yasuyuki Iwasa and Yoshihisa Yamashita},
  title = {Relationships of Variations in the Tongue Microbiota and Pneumonia Mortality in Nursing Home Residents},
  journal = {The Journals of Gerontology: Series A}
}
@article{Srivastava2009,
  doi = {10.1542/peds.2007-1740},
  url = {https://doi.org/10.1542/peds.2007-1740},
  year  = {2009},
  month = {jan},
  publisher = {American Academy of Pediatrics ({AAP})},
  volume = {123},
  number = {1},
  pages = {338--345},
  author = {R. Srivastava and E. C. Downey and M. O{\textquotesingle}Gorman and P. Feola and M. Samore and R. Holubkov and M. Mundorff and B. C. James and P. Rosenbaum and P. C. Young and J. M. Dean},
  title = {Impact of Fundoplication Versus Gastrojejunal Feeding Tubes on Mortality and in Preventing Aspiration Pneumonia in Young Children With Neurologic Impairment Who Have Gastroesophageal Reflux Disease},
  journal = {{PEDIATRICS}}
}
@article{srivastava2009fundo,
  doi = {10.1542/peds.2007-1740},
  url = {https://doi.org/10.1542/peds.2007-1740},
  year  = {2009},
  publisher = {American Academy of Pediatrics ({AAP})},
  volume = {123},
  number = {1},
  pages = {338--345},
  author = {R. Srivastava and E. C. Downey and M. O'Gorman and P. Feola and M. Samore and R. Holubkov and M. Mundorff and B. C. James and P. Rosenbaum and P. C. Young and J. M. Dean},
  title = {Impact of Fundoplication Versus Gastrojejunal Feeding Tubes on Mortality and in Preventing Aspiration Pneumonia in Young Children With Neurologic Impairment Who Have Gastroesophageal Reflux Disease},
  journal = {{PEDIATRICS}}
}
@article{somme2013surgeries,
  doi = {10.1542/peds.2013-1243},
  url = {https://doi.org/10.1542/peds.2013-1243},
  year  = {2013},
  month = {nov},
  publisher = {American Academy of Pediatrics ({AAP})},
  volume = {132},
  number = {6},
  pages = {e1466--e1472},
  author = {S. Somme and M. Bronsert and E. Morrato and M. Ziegler},
  title = {Frequency and Variety of Inpatient Pediatric Surgical Procedures in the United States},
  journal = {{PEDIATRICS}}
}