@article{1,
  doi = {10.1038/nrg2825},
  url = {https://doi.org/10.1038/nrg2825},
  year  = {2010},
  month = {sep},
  publisher = {Springer Nature},
  volume = {11},
  number = {10},
  pages = {733--739},
  author = {Jeffrey T. Leek and Robert B. Scharpf and H{\'{e}}ctor Corrada Bravo and David Simcha and Benjamin Langmead and W. Evan Johnson and Donald Geman and Keith Baggerly and Rafael A. Irizarry},
  title = {Tackling the widespread and critical impact of batch effects in high-throughput data},
  journal = {Nature Reviews Genetics}
}

@article{2,
  doi = {10.1016/j.tibtech.2017.02.012},
  url = {https://doi.org/10.1016/j.tibtech.2017.02.012},
  year  = {2017},
  month = {jun},
  publisher = {Elsevier {BV}},
  volume = {35},
  number = {6},
  pages = {498--507},
  author = {Wilson Wen Bin Goh and Wei Wang and Limsoon Wong},
  title = {Why Batch Effects Matter in Omics Data,  and How to Avoid Them},
  journal = {Trends in Biotechnology}
}

@article{3,
  doi = {10.1371/journal.pone.0027310},
  url = {https://doi.org/10.1371/journal.pone.0027310},
  year  = {2011},
  month = {dec},
  publisher = {Public Library of Science ({PLoS})},
  volume = {6},
  number = {12},
  pages = {e27310},
  author = {Patrick D. Schloss and Dirk Gevers and Sarah L. Westcott},
  editor = {Jack Anthony Gilbert},
  title = {Reducing the Effects of {PCR} Amplification and Sequencing Artifacts on 16S {rRNA}-Based Studies},
  journal = {{PLoS} {ONE}}
}

@article{4,
  doi = {10.1371/journal.pgen.0030161},
  url = {https://doi.org/10.1371/journal.pgen.0030161},
  year  = {2007},
  publisher = {Public Library of Science ({PLoS})},
  volume = {3},
  number = {9},
  pages = {e161},
  author = {Jeffrey T. Leek and John D. Storey},
  title = {Capturing Heterogeneity in Gene Expression Studies by Surrogate Variable Analysis},
  journal = {{PLoS} Genetics}
}

@article{5,
  doi = {10.1093/nar/gkv007},
  url = {https://doi.org/10.1093/nar/gkv007},
  year  = {2015},
  month = {jan},
  publisher = {Oxford University Press ({OUP})},
  volume = {43},
  number = {7},
  pages = {e47--e47},
  author = {Matthew E. Ritchie and Belinda Phipson and Di Wu and Yifang Hu and Charity W. Law and Wei Shi and Gordon K. Smyth},
  title = {limma powers differential expression analyses for {RNA}-sequencing and microarray studies},
  journal = {Nucleic Acids Research}
}

@article{6,
  doi = {10.1073/pnas.97.18.10101},
  url = {https://doi.org/10.1073/pnas.97.18.10101},
  year  = {2000},
  month = {aug},
  publisher = {Proceedings of the National Academy of Sciences},
  volume = {97},
  number = {18},
  pages = {10101--10106},
  author = {O. Alter and P. O. Brown and D. Botstein},
  title = {Singular value decomposition for genome-wide expression data processing and modeling},
  journal = {Proceedings of the National Academy of Sciences}
}

@article{7,
  doi = {10.1093/bioinformatics/btg385},
  url = {https://doi.org/10.1093/bioinformatics/btg385},
  year  = {2003},
  month = {dec},
  publisher = {Oxford University Press ({OUP})},
  volume = {20},
  number = {1},
  pages = {105--114},
  author = {M. Benito and J. Parker and Q. Du and J. Wu and D. Xiang and C. M. Perou and J. S. Marron},
  title = {Adjustment of systematic microarray data biases},
  journal = {Bioinformatics}
}

@article{8,
  doi = {10.1371/journal.pone.0017238},
  url = {https://doi.org/10.1371/journal.pone.0017238},
  year  = {2011},
  month = {feb},
  publisher = {Public Library of Science ({PLoS})},
  volume = {6},
  number = {2},
  pages = {e17238},
  author = {Chao Chen and Kay Grennan and Judith Badner and Dandan Zhang and Elliot Gershon and Li Jin and Chunyu Liu},
  editor = {Daniel Kliebenstein},
  title = {Removing Batch Effects in Analysis of Expression Microarray Data: An Evaluation of Six Batch Adjustment Methods},
  journal = {{PLoS} {ONE}}
}

@article{9,
  doi = {10.1093/biostatistics/kxj037},
  url = {https://doi.org/10.1093/biostatistics/kxj037},
  year  = {2006},
  month = {apr},
  publisher = {Oxford University Press ({OUP})},
  volume = {8},
  number = {1},
  pages = {118--127},
  author = {W. Evan Johnson and Cheng Li and Ariel Rabinovic},
  title = {Adjusting batch effects in microarray expression data using empirical Bayes methods},
  journal = {Biostatistics}
}

@article{10,
  doi = {10.1186/s13059-014-0564-2},
  url = {https://doi.org/10.1186/s13059-014-0564-2},
  year  = {2014},
  month = {dec},
  publisher = {Springer Nature},
  volume = {15},
  number = {12},
  author = {Sophie Weiss and Amnon Amir and Embriette R Hyde and Jessica L Metcalf and Se Jin Song and Rob Knight},
  title = {Tracking down the sources of experimental contamination in microbiome studies},
  journal = {Genome Biology}
}

@article{11,
  doi = {10.1016/j.mcp.2005.09.007},
  url = {https://doi.org/10.1016/j.mcp.2005.09.007},
  year  = {2006},
  month = {jun},
  publisher = {Elsevier {BV}},
  volume = {20},
  number = {3-4},
  pages = {147--153},
  author = {Hua Shen and Snezna Rogelj and Thomas L. Kieft},
  title = {Sensitive,  real-time {PCR} detects low-levels of contamination by Legionella pneumophila in commercial reagents},
  journal = {Molecular and Cellular Probes}
}

@article{12,
  doi = {10.1111/nph.12923},
  url = {https://doi.org/10.1111/nph.12923},
  year  = {2014},
  month = {jul},
  publisher = {Wiley},
  volume = {205},
  number = {4},
  pages = {1389--1393},
  author = {Nhu H. Nguyen and Dylan Smith and Kabir Peay and Peter Kennedy},
  title = {Parsing ecological signal from noise in next generation amplicon sequencing},
  journal = {New Phytologist}
}

@article{13,
  doi = {10.1128/msystems.00033-16},
  url = {https://doi.org/10.1128/msystems.00033-16},
  year  = {2016},
  month = {apr},
  publisher = {American Society for Microbiology},
  volume = {1},
  number = {2},
  author = {Sean M. Gibbons},
  title = {The Built Environment Is a Microbial Wasteland},
  journal = {{mSystems}}
}

@article{14,
  doi = {10.1128/msystems.00022-16},
  url = {https://doi.org/10.1128/msystems.00022-16},
  year  = {2016},
  month = {apr},
  publisher = {American Society for Microbiology},
  volume = {1},
  number = {2},
  author = {John Chase and Jennifer Fouquier and Mahnaz Zare and Derek L. Sonderegger and Rob Knight and Scott T. Kelley and Jeffrey Siegel and J. Gregory Caporaso},
  editor = {Jack A. Gilbert},
  title = {Geography and Location Are the Primary Drivers of Office Microbiome Composition},
  journal = {{mSystems}}
}

@book{15,
  author = {Ronald A. Fisher},
  title = {Statistical methods for research workers},
  publisher = {Edinburgh: Oliver and Boyd},
  year = {1925}
}

@book{16,
  author = {S.A. Stouffer and E.A. Suchman and L.C. Devinney and S.A. Star and R.M. Williams},
  title = {The American soldier: Adjustment during army life. (Studies in social psychology in World War II)},
  year = {1949},
  publisher = {Oxford, England: Princeton Univ. Press}
}

@article{17,
  doi = {10.1038/s41467-017-01973-8},
  url = {https://doi.org/10.1038/s41467-017-01973-8},
  year  = {2017},
  month = {dec},
  publisher = {Springer Nature},
  volume = {8},
  number = {1},
  author = {Claire Duvallet and Sean M. Gibbons and Thomas Gurry and Rafael A. Irizarry and Eric J. Alm},
  title = {Meta-analysis of gut microbiome studies identifies disease-specific and shared responses},
  journal = {Nature Communications}
}

@article{18,
  doi = {10.1186/s13073-016-0290-3},
  url = {https://doi.org/10.1186/s13073-016-0290-3},
  year  = {2016},
  month = {apr},
  publisher = {Springer Nature},
  volume = {8},
  number = {1},
  author = {Nielson T. Baxter and Mack T. Ruffin and Mary A. M. Rogers and Patrick D. Schloss},
  title = {Microbiota-based model improves the sensitivity of fecal immunochemical test for detecting colonic lesions},
  journal = {Genome Medicine}
}

@article{19,
  doi = {10.15252/msb.20145645},
  url = {https://doi.org/10.15252/msb.20145645},
  year  = {2014},
  month = {nov},
  publisher = {{EMBO}},
  volume = {10},
  number = {11},
  pages = {766--766},
  author = {G. Zeller and J. Tap and A. Y. Voigt and S. Sunagawa and J. R. Kultima and P. I. Costea and A. Amiot and J. Bohm and F. Brunetti and N. Habermann and R. Hercog and M. Koch and A. Luciani and D. R. Mende and M. A. Schneider and P. Schrotz-King and C. Tournigand and J. Tran Van Nhieu and T. Yamada and J. Zimmermann and V. Benes and M. Kloor and C. M. Ulrich and M. von Knebel Doeberitz and I. Sobhani and P. Bork},
  title = {Potential of fecal microbiota for early-stage detection of colorectal cancer},
  journal = {Molecular Systems Biology}
}

@article{20,
  doi = {10.1158/1940-6207.capr-14-0129},
  url = {https://doi.org/10.1158/1940-6207.capr-14-0129},
  year  = {2014},
  month = {aug},
  publisher = {American Association for Cancer Research ({AACR})},
  volume = {7},
  number = {11},
  pages = {1112--1121},
  author = {J. P. Zackular and M. A. M. Rogers and M. T. Ruffin and P. D. Schloss},
  title = {The Human Gut Microbiome as a Screening Tool for Colorectal Cancer},
  journal = {Cancer Prevention Research}
}

@article{21,
  doi = {10.1371/journal.pone.0039743},
  url = {https://doi.org/10.1371/journal.pone.0039743},
  year  = {2012},
  month = {jun},
  publisher = {Public Library of Science ({PLoS})},
  volume = {7},
  number = {6},
  pages = {e39743},
  author = {Weiguang Chen and Fanlong Liu and Zongxin Ling and Xiaojuan Tong and Charlie Xiang},
  editor = {Antonio Moschetta},
  title = {Human Intestinal Lumen and Mucosa-Associated Microbiota in Patients with Colorectal Cancer},
  journal = {{PLoS} {ONE}}
}

@article{22,
  doi = {10.1016/j.chom.2014.02.005},
  url = {https://doi.org/10.1016/j.chom.2014.02.005},
  year  = {2014},
  month = {mar},
  publisher = {Elsevier {BV}},
  volume = {15},
  number = {3},
  pages = {382--392},
  author = {Dirk Gevers and Subra Kugathasan and Lee~A. Denson and Yoshiki Vazquez-Baeza and Will Van~Treuren and Boyu Ren and Emma Schwager and Dan Knights and Se~Jin Song and Moran Yassour and Xochitl~C. Morgan and Aleksandar~D. Kostic and Chengwei Luo and Antonio Gonz{\'{a}}lez and Daniel McDonald and Yael Haberman and Thomas Walters and Susan Baker and Joel Rosh and Michael Stephens and Melvin Heyman and James Markowitz and Robert Baldassano and Anne Griffiths and Francisco Sylvester and David Mack and Sandra Kim and Wallace Crandall and Jeffrey Hyams and Curtis Huttenhower and Rob Knight and Ramnik~J. Xavier},
  title = {The Treatment-Naive Microbiome in New-Onset Crohn's Disease},
  journal = {Cell Host {\&} Microbe}
}

@article{23,
  doi = {10.1371/journal.pone.0039242},
  url = {https://doi.org/10.1371/journal.pone.0039242},
  year  = {2012},
  month = {jun},
  publisher = {Public Library of Science ({PLoS})},
  volume = {7},
  number = {6},
  pages = {e39242},
  author = {Eliseo Papa and Michael Docktor and Christopher Smillie and Sarah Weber and Sarah P. Preheim and Dirk Gevers and Georgia Giannoukos and Dawn Ciulla and Diana Tabbaa and Jay Ingram and David B. Schauer and Doyle V. Ward and Joshua R. Korzenik and Ramnik J. Xavier and Athos Bousvaros and Eric J. Alm},
  editor = {Jacques Ravel},
  title = {Non-Invasive Mapping of the Gastrointestinal Microbiota Identifies Children with Inflammatory Bowel Disease},
  journal = {{PLoS} {ONE}}
}

@article{24,
  doi = {10.1186/gb-2012-13-9-r79},
  url = {https://doi.org/10.1186/gb-2012-13-9-r79},
  year  = {2012},
  publisher = {Springer Nature},
  volume = {13},
  number = {9},
  pages = {R79},
  author = {Xochitl C Morgan and Timothy L Tickle and Harry Sokol and Dirk Gevers and Kathryn L Devaney and Doyle V Ward and Joshua A Reyes and Samir A Shah and Neal LeLeiko and Scott B Snapper and Athos Bousvaros and Joshua Korzenik and Bruce E Sands and Ramnik J Xavier and Curtis Huttenhower},
  title = {Dysfunction of the intestinal microbiome in inflammatory bowel disease and treatment},
  journal = {Genome Biology}
}

@article{25,
  doi = {10.1053/j.gastro.2010.08.049},
  url = {https://doi.org/10.1053/j.gastro.2010.08.049},
  year  = {2010},
  month = {dec},
  publisher = {Elsevier {BV}},
  volume = {139},
  number = {6},
  pages = {1844--1854.e1},
  author = {Ben P. Willing and Johan Dicksved and Jonas Halfvarson and Anders F. Andersson and Marianna Lucio and Zongli Zheng and Gunnar J\"{a}rnerot and Curt Tysk and Janet K. Jansson and Lars Engstrand},
  title = {A Pyrosequencing Study in Twins Shows That Gastrointestinal Microbial Profiles Vary With Inflammatory Bowel Disease Phenotypes},
  journal = {Gastroenterology}
}

@article{26,
  doi = {10.1038/nature07540},
  url = {https://doi.org/10.1038/nature07540},
  year  = {2008},
  month = {nov},
  publisher = {Springer Nature},
  volume = {457},
  number = {7228},
  pages = {480--484},
  author = {Peter J. Turnbaugh and Micah Hamady and Tanya Yatsunenko and Brandi L. Cantarel and Alexis Duncan and Ruth E. Ley and Mitchell L. Sogin and William J. Jones and Bruce A. Roe and Jason P. Affourtit and Michael Egholm and Bernard Henrissat and Andrew C. Heath and Rob Knight and Jeffrey I. Gordon},
  title = {A core gut microbiome in obese and lean twins},
  journal = {Nature}
}

@article{27,
  doi = {10.1186/s12866-014-0311-6},
  url = {https://doi.org/10.1186/s12866-014-0311-6},
  year  = {2014},
  month = {dec},
  publisher = {Springer Nature},
  volume = {14},
  number = {1},
  author = {Juan S Escobar and Bernadette Klotz and Beatriz E Valdes and Gloria M Agudelo},
  title = {The gut microbiota of Colombians differs from that of Americans,  Europeans and Asians},
  journal = {{BMC} Microbiology}
}

@article{28,
  doi = {10.1371/journal.pone.0043052},
  url = {https://doi.org/10.1371/journal.pone.0043052},
  year  = {2012},
  month = {aug},
  publisher = {Public Library of Science ({PLoS})},
  volume = {7},
  number = {8},
  pages = {e43052},
  author = {Margaret L. Zupancic and Brandi L. Cantarel and Zhenqiu Liu and Elliott F. Drabek and Kathleen A. Ryan and Shana Cirimotich and Cheron Jones and Rob Knight and William A. Walters and Daniel Knights and Emmanuel F. Mongodin and Richard B. Horenstein and Braxton D. Mitchell and Nanette Steinle and Soren Snitker and Alan R. Shuldiner and Claire M. Fraser},
  editor = {Farook Thameem},
  title = {Analysis of the Gut Microbiota in the Old Order Amish and Its Relation to the Metabolic Syndrome},
  journal = {{PLoS} {ONE}}
}

@article{29,
  doi = {10.1186/s40168-015-0072-y},
  url = {https://doi.org/10.1186/s40168-015-0072-y},
  year  = {2015},
  publisher = {Springer Nature},
  volume = {3},
  number = {1},
  pages = {7},
  author = {Matthew C Ross and Donna M Muzny and Joseph B McCormick and Richard A Gibbs and Susan P Fisher-Hoch and Joseph F Petrosino},
  title = {16S gut community of the Cameron County Hispanic Cohort},
  journal = {Microbiome}
}

@article{30,
  doi = {10.1016/j.cell.2014.09.053},
  url = {https://doi.org/10.1016/j.cell.2014.09.053},
  year  = {2014},
  month = {nov},
  publisher = {Elsevier {BV}},
  volume = {159},
  number = {4},
  pages = {789--799},
  author = {Julia~K. Goodrich and Jillian~L. Waters and Angela~C. Poole and Jessica~L. Sutter and Omry Koren and Ran Blekhman and Michelle Beaumont and William Van~Treuren and Rob Knight and Jordana~T. Bell and Timothy~D. Spector and Andrew~G. Clark and Ruth~E. Ley},
  title = {Human Genetics Shape the Gut Microbiome},
  journal = {Cell}
}

@article{31,
  doi = {10.1016/j.cell.2015.11.001},
  url = {https://doi.org/10.1016/j.cell.2015.11.001},
  year  = {2015},
  month = {nov},
  publisher = {Elsevier {BV}},
  volume = {163},
  number = {5},
  pages = {1079--1094},
  author = {David Zeevi and Tal Korem and Niv Zmora and David Israeli and Daphna Rothschild and Adina Weinberger and Orly Ben-Yacov and Dar Lador and Tali Avnit-Sagi and Maya Lotan-Pompan and Jotham Suez and Jemal Ali Mahdi and Elad Matot and Gal Malka and Noa Kosower and Michal Rein and Gili Zilberman-Schapira and Lenka Dohnalov{\'{a}} and Meirav Pevsner-Fischer and Rony Bikovsky and Zamir Halpern and Eran Elinav and Eran Segal},
  title = {Personalized Nutrition by Prediction of Glycemic Responses},
  journal = {Cell}
}

@article{32,
  doi = {10.1126/science.1208344},
  url = {https://doi.org/10.1126/science.1208344},
  year  = {2011},
  month = {sep},
  publisher = {American Association for the Advancement of Science ({AAAS})},
  volume = {334},
  number = {6052},
  pages = {105--108},
  author = {G. D. Wu and J. Chen and C. Hoffmann and K. Bittinger and Y.-Y. Chen and S. A. Keilbaugh and M. Bewtra and D. Knights and W. A. Walters and R. Knight and R. Sinha and E. Gilroy and K. Gupta and R. Baldassano and L. Nessel and H. Li and F. D. Bushman and J. D. Lewis},
  title = {Linking Long-Term Dietary Patterns with Gut Microbial Enterotypes},
  journal = {Science}
}

@article{33,
  doi = {10.1128/mbio.01021-14},
  url = {https://doi.org/10.1128/mbio.01021-14},
  year  = {2014},
  month = {may},
  publisher = {American Society for Microbiology},
  volume = {5},
  number = {3},
  author = {A. M. Schubert and M. A. M. Rogers and C. Ring and J. Mogle and J. P. Petrosino and V. B. Young and D. M. Aronoff and P. D. Schloss},
  title = {Microbiome Data Distinguish Patients with Clostridium difficile Infection and Non-C. difficile-Associated Diarrhea from Healthy Controls},
  journal = {{mBio}}
}

@article{34,
  doi = {10.3945/ajcn.110.010132},
  url = {https://doi.org/10.3945/ajcn.110.010132},
  year  = {2011},
  month = {may},
  publisher = {Oxford University Press ({OUP})},
  volume = {94},
  number = {1},
  pages = {58--65},
  author = {Reiner Jumpertz and Duc Son Le and Peter J Turnbaugh and Cathy Trinidad and Clifton Bogardus and Jeffrey I Gordon and Jonathan Krakoff},
  title = {Energy-balance studies reveal associations between gut microbes,  caloric load,  and nutrient absorption in humans},
  journal = {The American Journal of Clinical Nutrition}
}

@article{35,
  doi = {10.1128/mbio.01018-16},
  url = {https://doi.org/10.1128/mbio.01018-16},
  year  = {2016},
  month = {aug},
  publisher = {American Society for Microbiology},
  volume = {7},
  number = {4},
  author = {Marc A. Sze and Patrick D. Schloss},
  title = {Looking for a Signal in the Noise: Revisiting Obesity and the Microbiome},
  journal = {{mBio}}
}

@article{36,
  doi = {10.1186/2049-2618-1-18},
  url = {https://doi.org/10.1186/2049-2618-1-18},
  year  = {2013},
  publisher = {Springer Nature},
  volume = {1},
  number = {1},
  pages = {18},
  author = {Caroline Vincent and David A Stephens and Vivian G Loo and Thaddeus J Edens and Marcel A Behr and Ken Dewar and Amee R Manges},
  title = {Reductions in intestinal Clostridiales precede the development of nosocomial Clostridium difficile infection},
  journal = {Microbiome}
}

@article{37,
  doi = {10.1093/bioinformatics/btq461},
  url = {https://doi.org/10.1093/bioinformatics/btq461},
  year  = {2010},
  month = {aug},
  publisher = {Oxford University Press ({OUP})},
  volume = {26},
  number = {19},
  pages = {2460--2461},
  author = {Robert C. Edgar},
  title = {Search and clustering orders of magnitude faster than {BLAST}},
  journal = {Bioinformatics}
}

@article{38,
  doi = {10.1128/aem.00062-07},
  url = {https://doi.org/10.1128/aem.00062-07},
  year  = {2007},
  month = {jun},
  publisher = {American Society for Microbiology},
  volume = {73},
  number = {16},
  pages = {5261--5267},
  author = {Q. Wang and G. M. Garrity and J. M. Tiedje and J. R. Cole},
  title = {Naive Bayesian Classifier for Rapid Assignment of {rRNA} Sequences into the New Bacterial Taxonomy},
  journal = {Applied and Environmental Microbiology}
}

@article{39,
  author = {Fabian Pedregosa and Gael Varoquaux and Alexandre Gramfort and Vincent Michel and Bertrand Thirion and Olivier Grisel and Mathieu Blondel and Peter Prettenhofer and Ron Weiss and Vincent Dubourg and Jake Vanderplas and Alexandre Passos and David Cournapeau and Matthieu Brucher and Matthieu Perrot and Edouard Duchesnay},
  year = {2011},
  journal = {Journal of machine learning research},
  pages = {2825--2830},
  title = {Scikit-learn: Machine learning in Python}
}

@misc{40,
  author = {Eric Jones and Travis Oliphant and Pearu Peterson},
  year = {2007},
  title = {{SciPy}: Open source scientific tools for Python, 2001–-}
}

@misc{41,
  authors = {S Seabold and J Perktold},
  title = {Statsmodels: Econometric and statistical modeling with python},
  year = {2010},
  journal = {Proceedings of the 9th Python in Science Conference}
}

@misc{42,
  author = {J Oksanen},
  title = {Multivariate analysis of ecological communities in R: vegan tutorial},
  year = {2011}
}

@article{43,
  doi = {10.1038/nrmicro2819},
  url = {https://doi.org/10.1038/nrmicro2819},
  year  = {2012},
  month = {jun},
  publisher = {Springer Nature},
  volume = {10},
  number = {8},
  pages = {575--582},
  author = {Harold Tjalsma and Annemarie Boleij and Julian R. Marchesi and Bas E. Dutilh},
  title = {A bacterial driver{\textendash}passenger model for colorectal cancer: beyond the usual suspects},
  journal = {Nature Reviews Microbiology}
}

@article{44,
  doi = {10.1038/pr.2014.157},
  url = {https://doi.org/10.1038/pr.2014.157},
  year  = {2014},
  month = {oct},
  publisher = {Springer Nature},
  volume = {77},
  number = {1-2},
  pages = {245--251},
  author = {Lixin Zhu and Robert D. Baker and Susan S. Baker},
  title = {Gut microbiome and nonalcoholic fatty liver diseases},
  journal = {Pediatric Research}
}

@article{45,
  doi = {10.1038/ismej.2011.109},
  url = {https://doi.org/10.1038/ismej.2011.109},
  year  = {2011},
  month = {aug},
  publisher = {Springer Nature},
  volume = {6},
  number = {2},
  pages = {320--329},
  author = {Tingting Wang and Guoxiang Cai and Yunping Qiu and Na Fei and Menghui Zhang and Xiaoyan Pang and Wei Jia and Sanjun Cai and Liping Zhao},
  title = {Structural segregation of gut microbiota between colorectal cancer patients and healthy volunteers},
  journal = {The {ISME} Journal}
}

@article{46,
  doi = {10.3102/0013189x005010003},
  url = {https://doi.org/10.3102/0013189x005010003},
  year  = {1976},
  month = {nov},
  publisher = {American Educational Research Association ({AERA})},
  volume = {5},
  number = {10},
  pages = {3--8},
  author = {Gene V. Glass},
  title = {Primary,  Secondary,  and Meta-Analysis of Research},
  journal = {Educational Researcher}
}

@article{47,
  doi = {10.1093/nar/gkx1027},
  url = {https://doi.org/10.1093/nar/gkx1027},
  year  = {2017},
  month = {nov},
  publisher = {Oxford University Press ({OUP})},
  volume = {46},
  number = {D1},
  pages = {D684--D691},
  author = {Francislon S Oliveira and John Brestelli and Shon Cade and Jie Zheng and John Iodice and Steve Fischer and Cristina Aurrecoechea and Jessica C Kissinger and Brian P Brunk and Christian J Stoeckert and Gabriel R Fernandes and David S Roos and Daniel P Beiting},
  title = {{MicrobiomeDB}: a systems biology platform for integrating,  mining and analyzing microbiome experiments},
  journal = {Nucleic Acids Research}
}

@article{48,
  doi = {10.1371/journal.pgen.1000255},
  url = {https://doi.org/10.1371/journal.pgen.1000255},
  year  = {2008},
  month = {nov},
  publisher = {Public Library of Science ({PLoS})},
  volume = {4},
  number = {11},
  pages = {e1000255},
  author = {Susan M. Huse and Les Dethlefsen and Julie A. Huber and David Mark Welch and David A. Relman and Mitchell L. Sogin},
  editor = {Jonathan A. Eisen},
  title = {Exploring Microbial Diversity and Taxonomy Using {SSU} {rRNA} Hypervariable Tag Sequencing},
  journal = {{PLoS} Genetics}
}

@article{49,
  doi = {10.1371/journal.pcbi.1002863},
  url = {https://doi.org/10.1371/journal.pcbi.1002863},
  year  = {2013},
  month = {jan},
  publisher = {Public Library of Science ({PLoS})},
  volume = {9},
  number = {1},
  pages = {e1002863},
  author = {Omry Koren and Dan Knights and Antonio Gonzalez and Levi Waldron and Nicola Segata and Rob Knight and Curtis Huttenhower and Ruth E. Ley},
  editor = {Jonathan A. Eisen},
  title = {A Guide to Enterotypes across the Human Body: Meta-Analysis of Microbial Community Structures in Human Microbiome Datasets},
  journal = {{PLoS} Computational Biology}
}

@article{50,
  doi = {10.1371/journal.pone.0062578},
  url = {https://doi.org/10.1371/journal.pone.0062578},
  year  = {2013},
  month = {may},
  publisher = {Public Library of Science ({PLoS})},
  volume = {8},
  number = {5},
  pages = {e62578},
  author = {Lukasz Krych and Camilla H. F. Hansen and Axel K. Hansen and Frans W. J. van den Berg and Dennis S. Nielsen},
  editor = {Stefan Bereswill},
  title = {Quantitatively Different,  yet Qualitatively Alike: A Meta-Analysis of the Mouse Core Gut Microbiome with a View towards the Human Gut Microbiome},
  journal = {{PLoS} {ONE}}
}

@article{51,
  doi = {10.1016/j.chom.2013.08.006},
  url = {https://doi.org/10.1016/j.chom.2013.08.006},
  year  = {2013},
  month = {sep},
  publisher = {Elsevier {BV}},
  volume = {14},
  number = {3},
  pages = {329--339},
  author = {Catherine~A. Lozupone and Marcella Li and Thomas~B. Campbell and Sonia~C. Flores and Derek Linderman and Matthew~J. Gebert and Rob Knight and Andrew~P. Fontenot and Brent~E. Palmer},
  title = {Alterations in the Gut Microbiota Associated with {HIV}-1 Infection},
  journal = {Cell Host {\&} Microbe}
}

@article{52,
  doi = {10.1101/gr.151803.112},
  url = {https://doi.org/10.1101/gr.151803.112},
  year  = {2013},
  month = {jul},
  publisher = {Cold Spring Harbor Laboratory},
  volume = {23},
  number = {10},
  pages = {1704--1714},
  author = {C. A. Lozupone and J. Stombaugh and A. Gonzalez and G. Ackermann and D. Wendel and Y. Vazquez-Baeza and J. K. Jansson and J. I. Gordon and R. Knight},
  title = {Meta-analyses of studies of the human microbiota},
  journal = {Genome Research}
}

@article{53,
  doi = {10.1016/j.febslet.2014.09.039},
  url = {https://doi.org/10.1016/j.febslet.2014.09.039},
  year  = {2014},
  month = {oct},
  publisher = {Wiley},
  volume = {588},
  number = {22},
  pages = {4223--4233},
  author = {William A. Walters and Zech Xu and Rob Knight},
  title = {Meta-analyses of human gut microbes associated with obesity and {IBD}},
  journal = {{FEBS} Letters}
}

@article{54,
  doi = {10.1371/journal.pcbi.1004977},
  url = {https://doi.org/10.1371/journal.pcbi.1004977},
  year  = {2016},
  month = {jul},
  publisher = {Public Library of Science ({PLoS})},
  volume = {12},
  number = {7},
  pages = {e1004977},
  author = {Edoardo Pasolli and Duy Tin Truong and Faizan Malik and Levi Waldron and Nicola Segata},
  editor = {Jonathan A. Eisen},
  title = {Machine Learning Meta-analysis of Large Metagenomic Datasets: Tools and Biological Insights},
  journal = {{PLOS} Computational Biology}
}

@article{55,
  doi = {10.1371/journal.pone.0155362},
  url = {https://doi.org/10.1371/journal.pone.0155362},
  year  = {2016},
  month = {may},
  publisher = {Public Library of Science ({PLoS})},
  volume = {11},
  number = {5},
  pages = {e0155362},
  author = {Emily Vogtmann and Xing Hua and Georg Zeller and Shinichi Sunagawa and Anita Y. Voigt and Rajna Hercog and James J. Goedert and Jianxin Shi and Peer Bork and Rashmi Sinha},
  editor = {John Parkinson},
  title = {Colorectal Cancer and the Human Gut Microbiome: Reproducibility with Whole-Genome Shotgun Sequencing},
  journal = {{PLOS} {ONE}}
}
