@article{Quraishi2017,
  doi = {10.1111/apt.14201},
  url = {https://doi.org/10.1111/apt.14201},
  year  = {2017},
  month = {jul},
  publisher = {Wiley},
  volume = {46},
  number = {5},
  pages = {479--493},
  author = {M. N. Quraishi and M. Widlak and N. Bhala and D. Moore and M. Price and N. Sharma and T. H. Iqbal},
  title = {Systematic review with meta-analysis: the efficacy of faecal microbiota transplantation for the treatment of recurrent and refractory Clostridium difficile
		 infection},
  journal = {Alimentary Pharmacology {\&} Therapeutics}
}

@article{McDonald2018,
  doi = {10.1093/cid/cix1085},
  url = {https://doi.org/10.1093/cid/cix1085},
  year  = {2018},
  month = {feb},
  publisher = {Oxford University Press ({OUP})},
  volume = {66},
  number = {7},
  pages = {e1--e48},
  author = {L Clifford McDonald and Dale N Gerding and Stuart Johnson and Johan S Bakken and Karen C Carroll and Susan E Coffin and Erik R Dubberke and Kevin W Garey and Carolyn V Gould and Ciaran Kelly and Vivian Loo and Julia Shaklee Sammons and Thomas J Sandora and Mark H Wilcox},
  title = {Clinical Practice Guidelines for Clostridium difficile Infection in Adults and Children: 2017 Update by the Infectious Diseases Society of America ({IDSA}) and Society for Healthcare Epidemiology of America ({SHEA})},
  journal = {Clinical Infectious Diseases}
}

@article{Cammarota2017,
  doi = {10.1136/gutjnl-2016-313017},
  url = {https://doi.org/10.1136/gutjnl-2016-313017},
  year  = {2017},
  month = {jan},
  publisher = {{BMJ}},
  volume = {66},
  number = {4},
  pages = {569--580},
  author = {Giovanni Cammarota and Gianluca Ianiro and Herbert Tilg and Mirjana Rajili{\'{c}}-Stojanovi{\'{c}} and Patrizia Kump and Reetta Satokari and Harry Sokol and Perttu Arkkila and Cristina Pintus and Ailsa Hart and Jonathan Segal and Marina Aloi and Luca Masucci and Antonio Molinaro and Franco Scaldaferri and Giovanni Gasbarrini and Antonio Lopez-Sanroman and Alexander Link and Pieter de Groot and Willem M de Vos and Christoph H\"{o}genauer and Peter Malfertheiner and Eero Mattila and Tomica Milosavljevi{\'{c}} and Max Nieuwdorp and Maurizio Sanguinetti and Magnus Simren and Antonio Gasbarrini},
  title = {European consensus conference on faecal microbiota transplantation in clinical practice},
  journal = {Gut}
}

@article{Surawicz2013,
  doi = {10.1038/ajg.2013.4},
  url = {https://doi.org/10.1038/ajg.2013.4},
  year  = {2013},
  month = {feb},
  publisher = {Springer Nature},
  volume = {108},
  number = {4},
  pages = {478--498},
  author = {Christina M Surawicz and Lawrence J Brandt and David G Binion and Ashwin N Ananthakrishnan and Scott R Curry and Peter H Gilligan and Lynne V McFarland and Mark Mellow and Brian S Zuckerbraun},
  title = {Guidelines for Diagnosis,  Treatment and Prevention of Clostridium difficile Infections},
  journal = {The American Journal of Gastroenterology}
}

@article{Panchal2018,
  doi = {10.1007/s11894-018-0619-8},
  url = {https://doi.org/10.1007/s11894-018-0619-8},
  year  = {2018},
  month = {mar},
  publisher = {Springer Nature},
  volume = {20},
  number = {4},
  author = {Pratik Panchal and Shrish Budree and Alex Scheeler and Geraldine Medina and Monica Seng and Wing Fei Wong and Ryan Eliott and Thomas Mitchell and Zain Kassam and Jessica R. Allegretti and Majdi Osman},
  title = {Scaling Safe Access to Fecal Microbiota Transplantation: Past,  Present,  and Future},
  journal = {Current Gastroenterology Reports}
}

@article{Kootte2017,
  doi = {10.1016/j.cmet.2017.09.008},
  url = {https://doi.org/10.1016/j.cmet.2017.09.008},
  year  = {2017},
  month = {oct},
  publisher = {Elsevier {BV}},
  volume = {26},
  number = {4},
  pages = {611--619.e6},
  author = {Ruud S. Kootte and Evgeni Levin and Jarkko Saloj\"{a}rvi and Loek P. Smits and Annick V. Hartstra and Shanti D. Udayappan and Gerben Hermes and Kristien E. Bouter and Annefleur M. Koopen and Jens J. Holst and Filip K. Knop and Ellen E. Blaak and Jing Zhao and Hauke Smidt and Amy C. Harms and Thomas Hankemeijer and Jacques J.G.H.M. Bergman and Hans A. Romijn and Frank G. Schaap and Steven W.M. Olde Damink and Mariette T. Ackermans and Geesje M. Dallinga-Thie and Erwin Zoetendal and Willem M. de Vos and Mireille J. Serlie and Erik S.G. Stroes and Albert K. Groen and Max Nieuwdorp},
  title = {Improvement of Insulin Sensitivity after Lean Donor Feces in Metabolic Syndrome Is Driven by Baseline Intestinal Microbiota Composition},
  journal = {Cell Metabolism}
}

@article{Paramsothy2017,
  doi = {10.1016/s0140-6736(17)30182-4},
  url = {https://doi.org/10.1016/s0140-6736(17)30182-4},
  year  = {2017},
  month = {mar},
  publisher = {Elsevier {BV}},
  volume = {389},
  number = {10075},
  pages = {1218--1228},
  author = {Sudarshan Paramsothy and Michael A Kamm and Nadeem O Kaakoush and Alissa J Walsh and Johan van den Bogaerde and Douglas Samuel and Rupert W L Leong and Susan Connor and Watson Ng and Ramesh Paramsothy and Wei Xuan and Enmoore Lin and Hazel M Mitchell and Thomas J Borody},
  title = {Multidonor intensive faecal microbiota transplantation for active ulcerative colitis: a randomised placebo-controlled trial},
  journal = {The Lancet}
}

@article{Ott2017,
  doi = {10.1053/j.gastro.2016.11.010},
  url = {https://doi.org/10.1053/j.gastro.2016.11.010},
  year  = {2017},
  month = {mar},
  publisher = {Elsevier {BV}},
  volume = {152},
  number = {4},
  pages = {799--811.e7},
  author = {Stephan J. Ott and Georg H. Waetzig and Ateequr Rehman and Jacqueline Moltzau-Anderson and Richa Bharti and Juris A. Grasis and Liam Cassidy and Andreas Tholey and Helmut Fickenscher and Dirk Seegert and Philip Rosenstiel and Stefan Schreiber},
  title = {Efficacy of Sterile Fecal Filtrate Transfer for Treating Patients With Clostridium difficile Infection},
  journal = {Gastroenterology}
}

@article{Zuo2018,
  doi = {10.1136/gutjnl-2017-313952},
  url = {https://doi.org/10.1136/gutjnl-2017-313952},
  year  = {2018},
  publisher = {{BMJ}},
  pages = {634--643},
  author = {Tao Zuo and Sunny H Wong and Kelvin Lam and Rashid Lui and Kitty Cheung and Whitney Tang and Jessica Y L Ching and Paul K S Chan and Martin C W Chan and Justin C Y Wu and Francis K L Chan and Jun Yu and Joseph J Y Sung and Siew C Ng},
  title = {Bacteriophage transfer during faecal microbiota transplantation in Clostridium difficile infection is associated with treatment outcome},
  journal = {Gut}
}

@article{Yatsunenko2012,
  doi = {10.1038/nature11053},
  url = {https://doi.org/10.1038/nature11053},
  year  = {2012},
  month = {may},
  publisher = {Springer Nature},
  volume = {486},
  number = {7402},
  pages = {222--227},
  author = {Tanya Yatsunenko and Federico E. Rey and Mark J. Manary and Indi Trehan and Maria Gloria Dominguez-Bello and Monica Contreras and Magda Magris and Glida Hidalgo and Robert N. Baldassano and Andrey P. Anokhin and Andrew C. Heath and Barbara Warner and Jens Reeder and Justin Kuczynski and J. Gregory Caporaso and Catherine A. Lozupone and Christian Lauber and Jose Carlos Clemente and Dan Knights and Rob Knight and Jeffrey I. Gordon},
  title = {Human gut microbiome viewed across age and geography},
  journal = {Nature}
}

@article{Bafeta2017,
  doi = {10.7326/m16-2810},
  url = {https://doi.org/10.7326/m16-2810},
  year  = {2017},
  month = {may},
  publisher = {American College of Physicians},
  volume = {167},
  number = {1},
  pages = {34},
  author = {AÃ¯da Bafeta and Amelie Yavchitz and Carolina Riveros and Rui Batista and Philippe Ravaud},
  title = {Methods and Reporting Studies Assessing Fecal Microbiota Transplantation},
  journal = {Annals of Internal Medicine}
}

@article{Olesen2018,
  doi = {10.1038/s41575-018-0019-4},
  url = {https://doi.org/10.1038/s41575-018-0019-4},
  year  = {2018},
  month = {apr},
  publisher = {Springer Nature},
  volume = {15},
  number = {7},
  pages = {387--388},
  author = {Scott W. Olesen and McKenzie M. Leier and Eric J. Alm and Stacy A. Kahn},
  title = {Searching for superstool: maximizing the therapeutic potential of {FMT}},
  journal = {Nature Reviews Gastroenterology {\&} Hepatology}
}

@article{Moayyedi2015,
  doi = {10.1053/j.gastro.2015.04.001},
  url = {https://doi.org/10.1053/j.gastro.2015.04.001},
  year  = {2015},
  month = {jul},
  publisher = {Elsevier {BV}},
  volume = {149},
  number = {1},
  pages = {102--109.e6},
  author = {Paul Moayyedi and Michael G. Surette and Peter T. Kim and Josie Libertucci and Melanie Wolfe and Catherine Onischi and David Armstrong and John K. Marshall and Zain Kassam and Walter Reinisch and Christine H. Lee},
  title = {Fecal Microbiota Transplantation Induces Remission in Patients With Active Ulcerative Colitis in a Randomized Controlled Trial},
  journal = {Gastroenterology}
}

@article{Kelly2016,
  doi = {10.7326/m16-0271},
  url = {https://doi.org/10.7326/m16-0271},
  year  = {2016},
  month = {aug},
  publisher = {American College of Physicians},
  volume = {165},
  number = {9},
  pages = {609},
  author = {Colleen R. Kelly and Alexander Khoruts and Christopher Staley and Michael J. Sadowsky and Mortadha Abd and Mustafa Alani and Brianna Bakow and Patrizia Curran and Joyce McKenney and Allison Tisch and Steven E. Reinert and Jason T. Machan and Lawrence J. Brandt},
  title = {Effect of Fecal Microbiota Transplantation on Recurrence in Multiply Recurrent Clostridium difficile Infection},
  journal = {Annals of Internal Medicine}
}

@article{vanNood2013,
  doi = {10.1056/nejmoa1205037},
  url = {https://doi.org/10.1056/nejmoa1205037},
  year  = {2013},
  month = {jan},
  publisher = {New England Journal of Medicine ({NEJM}/{MMS})},
  volume = {368},
  number = {5},
  pages = {407--415},
  author = {Els van Nood and Anne Vrieze and Max Nieuwdorp and Susana Fuentes and Erwin G. Zoetendal and Willem M. de Vos and Caroline E. Visser and Ed J. Kuijper and Joep F.W.M. Bartelsman and Jan G.P. Tijssen and Peter Speelman and Marcel G.W. Dijkgraaf and Josbert J. Keller},
  title = {Duodenal Infusion of Donor Feces for Recurrent Clostridium difficile},
  journal = {New England Journal of Medicine}
}

@article{Olesen2017,
  doi = {10.1177/0962280216688502},
  url = {https://doi.org/10.1177/0962280216688502},
  year  = {2017},
  month = {feb},
  publisher = {{SAGE} Publications},
  volume = {27},
  number = {10},
  pages = {2906--2917},
  author = {Scott W Olesen and Thomas Gurry and Eric J Alm},
  title = {Designing fecal microbiota transplant trials that account for differences in donor stool efficacy},
  journal = {Statistical Methods in Medical Research}
}

@article{Britton2014,
  doi = {10.1053/j.gastro.2014.01.059},
  url = {https://doi.org/10.1053/j.gastro.2014.01.059},
  year  = {2014},
  month = {may},
  publisher = {Elsevier {BV}},
  volume = {146},
  number = {6},
  pages = {1547--1553},
  author = {Robert A. Britton and Vincent B. Young},
  title = {Role of the Intestinal Microbiota in Resistance to Colonization by Clostridium difficile},
  journal = {Gastroenterology}
}

@article{Zaneveld2017,
  doi = {10.1038/nmicrobiol.2017.121},
  url = {https://doi.org/10.1038/nmicrobiol.2017.121},
  year  = {2017},
  month = {aug},
  publisher = {Springer Nature},
  volume = {2},
  number = {9},
  pages = {17121},
  author = {Jesse R. Zaneveld and Ryan McMinds and Rebecca Vega Thurber},
  title = {Stress and stability: applying the Anna Karenina principle to animal microbiomes},
  journal = {Nature Microbiology}
}

@article{Osman2016,
  doi = {10.1093/ofid/ofw194.48},
  url = {https://doi.org/10.1093/ofid/ofw194.48},
  year  = {2016},
  publisher = {Oxford University Press ({OUP})},
  volume = {3},
  number = {suppl{\_}1},
  author = {Majdi Osman and Zachery Stoltzner and Kelsey O'Brien and Kelly Ling and Emily Koelsch and Nancy Dubois and Kanchana Amaratunga and Mark Smith and Zain Kassam},
  title = {Donor Efficacy in Fecal Microbiota Transplantation for Recurrent Clostridium difficile: Evidence From a 1, 999-Patient Cohort},
  journal = {Open Forum Infectious Diseases}
}

@article{Hsiao2014,
  doi = {10.1038/nature13738},
  url = {https://doi.org/10.1038/nature13738},
  year  = {2014},
  month = {sep},
  publisher = {Springer Nature},
  volume = {515},
  number = {7527},
  pages = {423--426},
  author = {Ansel Hsiao and A. M. Shamsir Ahmed and Sathish Subramanian and Nicholas W. Griffin and Lisa L. Drewry and William A. Petri and Rashidul Haque and Tahmeed Ahmed and Jeffrey I. Gordon},
  title = {Members of the human gut microbiota involved in recovery from Vibrio cholerae infection},
  journal = {Nature}
}

@article{Wilck2017,
  doi = {10.1038/nature24628},
  url = {https://doi.org/10.1038/nature24628},
  year  = {2017},
  month = {nov},
  publisher = {Springer Nature},
  author = {Nicola Wilck and Mariana G. Matus and Sean M. Kearney and Scott W. Olesen and Kristoffer Forslund and Hendrik Bartolomaeus and Stefanie Haase and Anja M\"{a}hler and Andr{\'{a}}s Balogh and Lajos Mark{\'{o}} and Olga Vvedenskaya and Friedrich H. Kleiner and Dmitry Tsvetkov and Lars Klug and Paul I. Costea and Shinichi Sunagawa and Lisa Maier and Natalia Rakova and Valentin Schatz and Patrick Neubert and Christian Fr\"{a}tzer and Alexander Krannich and Maik Gollasch and Diana A. Grohme and Beatriz F. C{\^{o}}rte-Real and Roman G. Gerlach and Marijana Basic and Athanasios Typas and Chuan Wu and Jens M. Titze and Jonathan Jantsch and Michael Boschmann and Ralf Dechend and Markus Kleinewietfeld and Stefan Kempa and Peer Bork and Ralf A. Linker and Eric J. Alm and Dominik N. M\"{u}ller},
  title = {Salt-responsive gut commensal modulates {TH}17 axis and disease},
  journal = {Nature}
}

@article{Kostic2013,
  doi = {10.1016/j.chom.2013.07.007},
  url = {https://doi.org/10.1016/j.chom.2013.07.007},
  year  = {2013},
  month = {aug},
  publisher = {Elsevier {BV}},
  volume = {14},
  number = {2},
  pages = {207--215},
  author = {Aleksandar~D. Kostic and Eunyoung Chun and Lauren Robertson and Jonathan~N. Glickman and Carey~Ann Gallini and Monia Michaud and Thomas~E. Clancy and Daniel~C. Chung and Paul Lochhead and Georgina~L. Hold and Emad~M. El-Omar and Dean Brenner and Charles~S. Fuchs and Matthew Meyerson and Wendy~S. Garrett},
  title = {Fusobacterium nucleatum Potentiates Intestinal Tumorigenesis and Modulates the Tumor-Immune Microenvironment},
  journal = {Cell Host {\&} Microbe}
}

@article{Kostic2015,
  doi = {10.1016/j.chom.2015.01.001},
  url = {https://doi.org/10.1016/j.chom.2015.01.001},
  year  = {2015},
  month = {feb},
  publisher = {Elsevier {BV}},
  volume = {17},
  number = {2},
  pages = {260--273},
  author = {Aleksandar~D. Kostic and Dirk Gevers and Heli Siljander and Tommi Vatanen and Tuulia Hy\"{o}tyl\"{a}inen and Anu-Maaria H\"{a}m\"{a}l\"{a}inen and Aleksandr Peet and Vallo Tillmann and P\"{a}ivi P\"{o}h\"{o} and Ismo Mattila and Harri L\"{a}hdesm\"{a}ki and Eric~A. Franzosa and Outi Vaarala and Marcus de~Goffau and Hermie Harmsen and Jorma Ilonen and Suvi~M. Virtanen and Clary~B. Clish and Matej Ore{\v{s}}i{\v{c}} and Curtis Huttenhower and Mikael Knip and Ramnik~J. Xavier},
  title = {The Dynamics of the Human Infant Gut Microbiome in Development and in Progression toward Type 1 Diabetes},
  journal = {Cell Host {\&} Microbe}
}

@article{Rubinstein2013,
  doi = {10.1016/j.chom.2013.07.012},
  url = {https://doi.org/10.1016/j.chom.2013.07.012},
  year  = {2013},
  month = {aug},
  publisher = {Elsevier {BV}},
  volume = {14},
  number = {2},
  pages = {195--206},
  author = {Mara~Roxana Rubinstein and Xiaowei Wang and Wendy Liu and Yujun Hao and Guifang Cai and Yiping~W. Han},
  title = {Fusobacterium nucleatum Promotes Colorectal Carcinogenesis by Modulating E-Cadherin/$\beta$-Catenin Signaling via its {FadA} Adhesin},
  journal = {Cell Host {\&} Microbe}
}

@article{Bullman2017,
  doi = {10.1126/science.aal5240},
  url = {https://doi.org/10.1126/science.aal5240},
  year  = {2017},
  month = {nov},
  publisher = {American Association for the Advancement of Science ({AAAS})},
  volume = {358},
  number = {6369},
  pages = {1443--1448},
  author = {Susan Bullman and Chandra S. Pedamallu and Ewa Sicinska and Thomas E. Clancy and Xiaoyang Zhang and Diana Cai and Donna Neuberg and Katherine Huang and Fatima Guevara and Timothy Nelson and Otari Chipashvili and Timothy Hagan and Mark Walker and Aruna Ramachandran and Bego{\~{n}}a Diosdado and Garazi Serna and Nuria Mulet and Stefania Landolfi and Santiago Ramon y Cajal and Roberta Fasani and Andrew J. Aguirre and Kimmie Ng and Elena {\'{E}}lez and Shuji Ogino and Josep Tabernero and Charles S. Fuchs and William C. Hahn and Paolo Nuciforo and Matthew Meyerson},
  title = {Analysis {ofFusobacteriumpersistence} and antibiotic response in colorectal cancer},
  journal = {Science}
}

@article{Scheppach1992,
  authors = {Wolfgang Scheppach, Hartmur Sommer, Thomas Kirchner, Gian-Marian Paganelli, Peter Bartram, Stefan Christl, Frank Richter, Gerda Dusel, and Heinrich Kasper},
  title = {Effect of Butyrate Enemas on the Colonic Mucosa in Distal Ulcerative Colitis},
  year = {1992},
  journal = {Gastroenterology},
  volume = {103},
  issue = {1},
  pages = {51--56}
}

@article{Duvallet2017,
  doi = {10.1038/s41467-017-01973-8},
  url = {https://doi.org/10.1038/s41467-017-01973-8},
  year  = {2017},
  month = {dec},
  publisher = {Springer Nature},
  volume = {8},
  number = {1},
  author = {Claire Duvallet and Sean M. Gibbons and Thomas Gurry and Rafael A. Irizarry and Eric J. Alm},
  title = {Meta-analysis of gut microbiome studies identifies disease-specific and shared responses},
  journal = {Nature Communications}
}

@article{Schirmer2018,
  doi = {10.1016/j.chom.2018.09.009},
  url = {https://doi.org/10.1016/j.chom.2018.09.009},
  year  = {2018},
  month = {oct},
  publisher = {Elsevier {BV}},
  volume = {24},
  number = {4},
  pages = {600--610.e4},
  author = {Melanie Schirmer and Lee Denson and Hera Vlamakis and Eric A. Franzosa and Sonia Thomas and Nathan M. Gotman and Paul Rufo and Susan S. Baker and Cary Sauer and James Markowitz and Marian Pfefferkorn and Maria Oliva-Hemker and Joel Rosh and Anthony Otley and Brendan Boyle and David Mack and Robert Baldassano and David Keljo and Neal LeLeiko and Melvin Heyman and Anne Griffiths and Ashish S. Patel and Joshua Noe and Subra Kugathasan and Thomas Walters and Curtis Huttenhower and Jeffrey Hyams and Ramnik J. Xavier},
  title = {Compositional and Temporal Changes in the Gut Microbiome of Pediatric Ulcerative Colitis Patients Are Linked to Disease Course},
  journal = {Cell Host {\&} Microbe}
}

@article{Kump2018,
  doi = {10.1111/apt.14387},
  url = {https://doi.org/10.1111/apt.14387},
  year  = {2018},
  month = {jan},
  publisher = {Wiley},
  volume = {47},
  number = {1},
  pages = {67--77},
  author = {P. Kump and P. Wurm and H. P. Gr\"{o}chenig and H. Wenzl and W. Petritsch and B. Halwachs and M. Wagner and V. Stadlbauer and A. Eherer and K. M. Hoffmann and A. Deutschmann and G. Reicht and L. Reiter and P. Slawitsch and G. Gorkiewicz and C. H\"{o}genauer},
  title = {The taxonomic composition of the donor intestinal microbiota is a major factor influencing the efficacy of faecal microbiota transplantation in therapy refractory ulcerative colitis},
  journal = {Alimentary Pharmacology {\&} Therapeutics}
}

@article{Goyal2018,
  doi = {10.1093/ibd/izx035},
  url = {https://doi.org/10.1093/ibd/izx035},
  year  = {2018},
  month = {jan},
  publisher = {Oxford University Press ({OUP})},
  volume = {24},
  number = {2},
  pages = {410--421},
  author = {Alka Goyal and Andrew Yeh and Brian R Bush and Brian A Firek and Leah M Siebold and Matthew Brian Rogers and Adam D Kufen and Michael J Morowitz},
  title = {Safety,  Clinical Response,  and Microbiome Findings Following Fecal Microbiota Transplant in Children With Inflammatory Bowel Disease},
  journal = {Inflammatory Bowel Diseases}
}

@article{Jacob2017,
  doi = {10.1097/mib.0000000000001132},
  url = {https://doi.org/10.1097/mib.0000000000001132},
  year  = {2017},
  month = {jun},
  publisher = {Oxford University Press ({OUP})},
  volume = {23},
  number = {6},
  pages = {903--911},
  author = {Vinita Jacob and Carl Crawford and Shirley Cohen-Mekelburg and Monica Viladomiu and Gregory G. Putzel and Yecheskel Schneider and Fatiha Chabouni and Sarah O'Neil and Brian Bosworth and Viola Woo and Nadim J. Ajami and Joseph F. Petrosino and Ylaine Gerardin and Zain Kassam and Mark Smith and Iliyan D. Iliev and Gregory F. Sonnenberg and David Artis and Ellen Scherl and Randy S. Longman},
  title = {Single Delivery of High-Diversity Fecal Microbiota Preparation by Colonoscopy Is Safe and Effective in Increasing Microbial Diversity in Active Ulcerative Colitis},
  journal = {Inflammatory Bowel Diseases}
}

@article{Vital2017,
  doi = {10.1128/msystems.00130-17},
  url = {https://doi.org/10.1128/msystems.00130-17},
  year  = {2017},
  month = {dec},
  publisher = {American Society for Microbiology},
  volume = {2},
  number = {6},
  author = {Marius Vital and Andr{\'{e}} Karch and Dietmar H. Pieper},
  editor = {Ashley Shade},
  title = {Colonic Butyrate-Producing Communities in Humans: an Overview Using Omics Data},
  journal = {{mSystems}}
}

@article{Bajaj2017,
  doi = {10.1002/hep.29306},
  url = {https://doi.org/10.1002/hep.29306},
  year  = {2017},
  month = {oct},
  publisher = {Wiley},
  volume = {66},
  number = {6},
  pages = {1727--1738},
  author = {Jasmohan S. Bajaj and Zain Kassam and Andrew Fagan and Edith A. Gavis and Eric Liu and I. Jane Cox and Raffi Kheradman and Douglas Heuman and Jessica Wang and Thomas Gurry and Roger Williams and Masoumeh Sikaroodi and Michael Fuchs and Eric Alm and Binu John and Leroy R. Thacker and Antonio Riva and Mark Smith and Simon D. Taylor-Robinson and Patrick M Gillevet},
  title = {Fecal microbiota transplant from a rational stool donor improves hepatic encephalopathy: A randomized clinical trial},
  journal = {Hepatology}
}

@article{Hofmann1989,
  doi = {10.1002/cphy.cp060329},
  url = {https://doi.org/10.1002/cphy.cp060329},
  year = {1989},
  title = {Enterohepatic Circulation of Bile Acids},
  author = {Alan F. Hofmann},
  booktitle = {Supplement 18: Handbook of Physiology, The Gastrointestinal System, Salivary, Gastric, Pancreatic, and Hepatobiliary Secretion},
  journal = {Handbook of Physiology. The Gastrointestinal System.},
  volume = {4},
  pages = {567--596}
}

@article{Koeth2013,
  doi = {10.1038/nm.3145},
  url = {https://doi.org/10.1038/nm.3145},
  year  = {2013},
  month = {apr},
  publisher = {Springer Nature},
  volume = {19},
  number = {5},
  pages = {576--585},
  author = {Robert A Koeth and Zeneng Wang and Bruce S Levison and Jennifer A Buffa and Elin Org and Brendan T Sheehy and Earl B Britt and Xiaoming Fu and Yuping Wu and Lin Li and Jonathan D Smith and Joseph A DiDonato and Jun Chen and Hongzhe Li and Gary D Wu and James D Lewis and Manya Warrier and J Mark Brown and Ronald M Krauss and W H Wilson Tang and Frederic D Bushman and Aldons J Lusis and Stanley L Hazen},
  title = {Intestinal microbiota metabolism of l-carnitine,  a nutrient in red meat,  promotes atherosclerosis},
  journal = {Nature Medicine}
}

@article{Wang2015,
  doi = {10.1016/j.cell.2015.11.055},
  url = {https://doi.org/10.1016/j.cell.2015.11.055},
  year  = {2015},
  month = {dec},
  publisher = {Elsevier {BV}},
  volume = {163},
  number = {7},
  pages = {1585--1595},
  author = {Zeneng Wang and Adam~B. Roberts and Jennifer~A. Buffa and Bruce~S. Levison and Weifei Zhu and Elin Org and Xiaodong Gu and Ying Huang and Maryam Zamanian-Daryoush and Miranda~K. Culley and Anthony~J. DiDonato and Xiaoming Fu and Jennie~E. Hazen and Daniel Krajcik and Joseph~A. DiDonato and Aldons~J. Lusis and Stanley~L. Hazen},
  title = {Non-lethal Inhibition of Gut Microbial Trimethylamine Production for the Treatment of Atherosclerosis},
  journal = {Cell}
}

@article{Blanton2016,
  doi = {10.1126/science.aad3311},
  url = {https://doi.org/10.1126/science.aad3311},
  year  = {2016},
  month = {feb},
  publisher = {American Association for the Advancement of Science ({AAAS})},
  volume = {351},
  number = {6275},
  pages = {aad3311--aad3311},
  author = {L. V. Blanton and M. R. Charbonneau and T. Salih and M. J. Barratt and S. Venkatesh and O. Ilkaveya and S. Subramanian and M. J. Manary and I. Trehan and J. M. Jorgensen and Y.-m. Fan and B. Henrissat and S. A. Leyn and D. A. Rodionov and A. L. Osterman and K. M. Maleta and C. B. Newgard and P. Ashorn and K. G. Dewey and J. I. Gordon},
  title = {Gut bacteria that prevent growth impairments transmitted by microbiota from malnourished children},
  journal = {Science}
}

@article{Subramanian2014,
  doi = {10.1038/nature13421},
  url = {https://doi.org/10.1038/nature13421},
  year  = {2014},
  month = {jun},
  publisher = {Springer Nature},
  volume = {510},
  number = {7505},
  pages = {417--421},
  author = {Sathish Subramanian and Sayeeda Huq and Tanya Yatsunenko and Rashidul Haque and Mustafa Mahfuz and Mohammed A. Alam and Amber Benezra and Joseph DeStefano and Martin F. Meier and Brian D. Muegge and Michael J. Barratt and Laura G. VanArendonk and Qunyuan Zhang and Michael A. Province and William A. Petri Jr and Tahmeed Ahmed and Jeffrey I. Gordon},
  title = {Persistent gut microbiota immaturity in malnourished Bangladeshi children},
  journal = {Nature}
}

@article{Stokholm2018,
  doi = {10.1038/s41467-017-02573-2},
  url = {https://doi.org/10.1038/s41467-017-02573-2},
  year  = {2018},
  month = {jan},
  publisher = {Springer Nature},
  volume = {9},
  number = {1},
  author = {Jakob Stokholm and Martin J. Blaser and Jonathan Thorsen and Morten A. Rasmussen and Johannes Waage and Rebecca K. Vinding and Ann-Marie M. Schoos and Asja Kun{\o}e and Nadia R. Fink and Bo L. Chawes and Klaus B{\o}nnelykke and Asker D. Brejnrod and Martin S. Mortensen and Waleed Abu Al-Soud and S{\o}ren J. S{\o}rensen and Hans Bisgaard},
  title = {Maturation of the gut microbiome and risk of asthma in childhood},
  journal = {Nature Communications}
}

@article{Cox2014,
  doi = {10.1016/j.cell.2014.05.052},
  url = {https://doi.org/10.1016/j.cell.2014.05.052},
  year  = {2014},
  month = {aug},
  publisher = {Elsevier {BV}},
  volume = {158},
  number = {4},
  pages = {705--721},
  author = {Laura~M. Cox and Shingo Yamanishi and Jiho Sohn and Alexander~V. Alekseyenko and Jacqueline~M. Leung and Ilseung Cho and Sungheon~G. Kim and Huilin Li and Zhan Gao and Douglas Mahana and Jorge~G. Z{\'{a}}rate~Rodriguez and Arlin~B. Rogers and Nicolas Robine and P'ng Loke and Martin~J. Blaser},
  title = {Altering the Intestinal Microbiota during a Critical Developmental Window Has Lasting Metabolic Consequences},
  journal = {Cell}
}

@article{Stein2018,
  doi = {10.7554/elife.30916},
  url = {https://doi.org/10.7554/elife.30916},
  year  = {2018},
  month = {apr},
  publisher = {{eLife} Sciences Publications,  Ltd},
  volume = {7},
  author = {Richard R Stein and Takeshi Tanoue and Rose L Szabady and Shakti K Bhattarai and Bernat Olle and Jason M Norman and Wataru Suda and Kenshiro Oshima and Masahira Hattori and Georg K Gerber and Chris Sander and Kenya Honda and Vanni Bucci},
  title = {Computer-guided design of optimal microbial consortia for immune system modulation},
  journal = {{eLife}}
}

@article{Schubert2014,
  doi = {10.1128/mbio.01021-14},
  url = {https://doi.org/10.1128/mbio.01021-14},
  year  = {2014},
  month = {may},
  publisher = {American Society for Microbiology},
  volume = {5},
  number = {3},
  author = {A. M. Schubert and M. A. M. Rogers and C. Ring and J. Mogle and J. P. Petrosino and V. B. Young and D. M. Aronoff and P. D. Schloss},
  title = {Microbiome Data Distinguish Patients with Clostridium difficile Infection and Non-C. difficile-Associated Diarrhea from Healthy Controls},
  journal = {{mBio}}
}

@article{Baxter2016,
  doi = {10.1186/s13073-016-0290-3},
  url = {https://doi.org/10.1186/s13073-016-0290-3},
  year  = {2016},
  month = {apr},
  publisher = {Springer Nature},
  volume = {8},
  number = {1},
  author = {Nielson T. Baxter and Mack T. Ruffin and Mary A. M. Rogers and Patrick D. Schloss},
  title = {Microbiota-based model improves the sensitivity of fecal immunochemical test for detecting colonic lesions},
  journal = {Genome Medicine}
}

@article{Goodrich2014,
  doi = {10.1016/j.cell.2014.09.053},
  url = {https://doi.org/10.1016/j.cell.2014.09.053},
  year  = {2014},
  month = {nov},
  publisher = {Elsevier {BV}},
  volume = {159},
  number = {4},
  pages = {789--799},
  author = {Julia~K. Goodrich and Jillian~L. Waters and Angela~C. Poole and Jessica~L. Sutter and Omry Koren and Ran Blekhman and Michelle Beaumont and William Van~Treuren and Rob Knight and Jordana~T. Bell and Timothy~D. Spector and Andrew~G. Clark and Ruth~E. Ley},
  title = {Human Genetics Shape the Gut Microbiome},
  journal = {Cell}
}

@article{Ou2013,
  doi = {10.3945/ajcn.112.056689},
  url = {https://doi.org/10.3945/ajcn.112.056689},
  year  = {2013},
  month = {may},
  publisher = {Oxford University Press ({OUP})},
  volume = {98},
  number = {1},
  pages = {111--120},
  author = {Junhai Ou and Franck Carbonero and Erwin G Zoetendal and James P DeLany and Mei Wang and Keith Newton and H Rex Gaskins and Stephen JD O'Keefe},
  title = {Diet,  microbiota,  and microbial metabolites in colon cancer risk in rural Africans and African Americans},
  journal = {The American Journal of Clinical Nutrition}
}

@article{DeFilippo2010,
  doi = {10.1073/pnas.1005963107},
  url = {https://doi.org/10.1073/pnas.1005963107},
  year  = {2010},
  month = {aug},
  publisher = {Proceedings of the National Academy of Sciences},
  volume = {107},
  number = {33},
  pages = {14691--14696},
  author = {C. De Filippo and D. Cavalieri and M. Di Paola and M. Ramazzotti and J. B. Poullet and S. Massart and S. Collini and G. Pieraccini and P. Lionetti},
  title = {Impact of diet in shaping gut microbiota revealed by a comparative study in children from Europe and rural Africa},
  journal = {Proceedings of the National Academy of Sciences}
}

@article{Bello2018,
  doi = {10.1126/science.aau8816},
  url = {https://doi.org/10.1126/science.aau8816},
  year  = {2018},
  month = {oct},
  publisher = {American Association for the Advancement of Science ({AAAS})},
  volume = {362},
  number = {6410},
  pages = {33--34},
  author = {Maria G. Dominguez Bello and Rob Knight and Jack A. Gilbert and Martin J. Blaser},
  title = {Preserving microbial diversity},
  journal = {Science}
}

@article{Rabesandratana2018,
  doi = {10.1126/science.aav9276},
  url = {https://doi.org/10.1126/science.aav9276},
  year  = {2018},
  month = {nov},
  publisher = {American Association for the Advancement of Science ({AAAS})},
  author = {Tania Rabesandratana},
  title = {`Poop vault' of human feces could preserve gut's microbial biodiversity{\textemdash}and help treat disease},
  journal = {Science}
}

@article{Wang1993,
  doi = {10.1111/j.1365-2672.1993.tb02790.x},
  url = {https://doi.org/10.1111/j.1365-2672.1993.tb02790.x},
  year  = {1993},
  month = {oct},
  publisher = {Wiley},
  volume = {75},
  number = {4},
  pages = {373--380},
  author = {X. Wang and G.R. Gibson},
  title = {Effects of thein vitrofermentation of oligofructose and inulin by bacteria growing in the human large intestine},
  journal = {Journal of Applied Bacteriology}
}

@article{Chen2017,
  doi = {10.1038/s41598-017-02995-4},
  url = {https://doi.org/10.1038/s41598-017-02995-4},
  year  = {2017},
  month = {jun},
  publisher = {Springer Nature},
  volume = {7},
  number = {1},
  author = {Tingting Chen and Wenmin Long and Chenhong Zhang and Shuang Liu and Liping Zhao and Bruce R. Hamaker},
  title = {Fiber-utilizing capacity varies in Prevotella- versus Bacteroides-dominated gut microbiota},
  journal = {Scientific Reports}
}

@article{Kakiyama2013,
  doi = {10.1016/j.jhep.2013.01.003},
  url = {https://doi.org/10.1016/j.jhep.2013.01.003},
  year  = {2013},
  month = {may},
  publisher = {Elsevier {BV}},
  volume = {58},
  number = {5},
  pages = {949--955},
  author = {Genta Kakiyama and William M. Pandak and Patrick M. Gillevet and Phillip B. Hylemon and Douglas M. Heuman and Kalyani Daita and Hajime Takei and Akina Muto and Hiroshi Nittono and Jason M. Ridlon and Melanie B. White and Nicole A. Noble and Pamela Monteith and Michael Fuchs and Leroy R. Thacker and Masoumeh Sikaroodi and Jasmohan S. Bajaj},
  title = {Modulation of the fecal bile acid profile by gut microbiota in cirrhosis},
  journal = {Journal of Hepatology}
}

@article{qiime2,
 author = {Bolyen E and Rideout JR and Dillon MR and Bokulich NA and et al.},
 doi = {10.1038/nmeth.f.303},
 journal = {Peer{J} Preprints},
 number = {e27295v2},
 title = {QIIME 2: Reproducible, interactive, scalable, and extensible microbiome data science},
 volume = {6},
 year = {2018}
}

@article{deblur,
 author = {Amir, Amnon and McDonald, Daniel and Navas-Molina, Jose A and Kopylova, Evguenia and Morton, James T and Xu, Zhenjiang Zech and Kightley, Eric P and Thompson, Luke R and Hyde, Embriette R and Gonzalez, Antonio and Knight, Rob},
 journal = {MSystems},
 number = {2},
 pages = {e00191--16},
 publisher = {{mSystems}},
 title = {Deblur rapidly resolves single-nucleotide community sequence patterns},
 volume = {2},
 year = {2017}
}

@article{feature-classifier,
 author = {Bokulich, Nicholas A. and Kaehler, Benjamin D. and Rideout, Jai Ram and Dillon, Matthew and Bolyen, Evan and Knight, Rob and Huttley, Gavin A. and Caporaso, J. Gregory},
 doi = {10.1186/s40168-018-0470-z},
 journal = {Microbiome},
 number = {1},
 pages = {90},
 title = {Optimizing taxonomic classification of marker-gene amplicon sequences with QIIME 2's q2-feature-classifier plugin},
 url = {https://doi.org/10.1186/s40168-018-0470-z},
 volume = {6},
 year = {2018}
}

@article{Halfvarson2017,
  doi = {10.1038/nmicrobiol.2017.4},
  url = {https://doi.org/10.1038/nmicrobiol.2017.4},
  year  = {2017},
  month = {feb},
  publisher = {Springer Nature},
  volume = {2},
  number = {5},
  author = {Jonas Halfvarson and Colin J. Brislawn and Regina Lamendella and Yoshiki Vazquez-Baeza and William A. Walters and Lisa M. Bramer and Mauro D'Amato and Ferdinando Bonfiglio and Daniel McDonald and Antonio Gonzalez and Erin E. McClure and Mitchell F. Dunklebarger and Rob Knight and Janet K. Jansson},
  title = {Dynamics of the human gut microbiome in inflammatory bowel disease},
  journal = {Nature Microbiology}
}

@article{Shade2011,
  doi = {10.1111/j.1462-2920.2011.02585.x},
  url = {https://doi.org/10.1111/j.1462-2920.2011.02585.x},
  year  = {2011},
  month = {oct},
  publisher = {Wiley},
  volume = {14},
  number = {1},
  pages = {4--12},
  author = {Ashley Shade and Jo Handelsman},
  title = {Beyond the Venn diagram: the hunt for a core microbiome},
  journal = {Environmental Microbiology}
}

%% Clinical trials

@misc{Gelfand2018,
  url = {https://clinicaltrials.gov/ct2/show/NCT03594487},
  year = {2018},
  author = {Jeffrey Gelfand},
  title = {Fecal Microbiota Transplantation ({FMT}) of {FMP30} in Relapsing-Remitting Multiple Sclerosis},
  howpublished = {ClinicalTrials.gov},
  note = {Accessed November 28, 2018}
}

@misc{Osman2018,
  url = {https://clinicaltrials.gov/ct2/show/NCT03087097},
  year = {2018},
  author = {Majdi Osman},
  title = {Transfer of Healthy Gut Flora for Restoration of Intestinal Microbiota Via Enema for Severe Acute Malnutrition},
  howpublished = {ClinicalTrials.gov},
  note = {Accessed November 28, 2018}
}

%% Oral presentation

@article{Costello2017,
  doi = {10.1016/s0016-5085(17)30969-1},
  url = {https://doi.org/10.1016/s0016-5085(17)30969-1},
  year  = {2017},
  month = {apr},
  publisher = {Elsevier {BV}},
  volume = {152},
  number = {5},
  pages = {S198--S199},
  author = {Samuel P. Costello and Oliver Waters and Robert V. Bryant and Rosa Katsikeros and Jesica Makanyanga and Mark Schoeman and Reme E. Mountifield and Derrick Tee and Stuart Howell and Patrick A. Hughes and Michael Conlon and Ian C. Roberts-Thomson and Jane M. Andrews},
  title = {Short Duration,  Low Intensity,  Pooled Fecal Microbiota Transplantation Induces Remission in Patients with Mild-Moderately Active Ulcerative Colitis: A Randomised Controlled Trial},
  journal = {Gastroenterology}
}
